1143479072884255434323266147692325866052947174949306466815+89219188811197962025386560876681439857=1143479072884255434412485336503523828078333735825987906672
6368905726625190956860744198515832843688024987956634108848+52584271003679389667342620462201010879=6368905726625190956913328469519512233355367608418835119727
3253077788799515300810080250128588153993316902363860403225+41310591170759900066347894514172703101=3253077788799515300851390841299348054059664796878033106326
2124346113956007221993639732758110581072681522798486524982+48313807442450682760829940747208659392=2124346113956007222041953540200561263833511463545695184374
7142681893999459733521107179851025618755573624595519263853+96423152017797056352123998448247369582=7142681893999459733617530331868822675107697623043766633435
6568916830820942850492539082119262182669280789793756106127+91716393223501201358409220388384145284=6568916830820942850584255475342763384027690010182140251411
6257600690559407500541060520136877316941392198963380084482+50953777972243738445076506786723090004=6257600690559407500592014298109121055386468705750103174486
9643769003294761817773798179134567536046473173811608576545+90804005700191724715645188077061921329=9643769003294761817864602184834759260762118361888670497874
9011771319170785735764155319007121938454807840511328446669+19977982306562179838070651527878141458=9011771319170785735784133301313684118292878492039206588127
6102911559906615154900846411320182574060513643570761245432+22141198719842175111320443184929840922=6102911559906615154922987610040024749171834086755691086354
6157356306368107833407113215967587141348381114112522800745+29050559414340476873194385644568425990=6157356306368107833436163775381927618221575499757091226735
6615888529799536964894233021538205450702154951233769555189+70212520852682388207108827774385980058=6615888529799536964964445542390887838909263779008155535247
1424698924581690043950936220542237883183008656374359869072+45561379733452451908017656420083196147=1424698924581690043996497600275690335091026312794443065219
7978374643303650307289027766397447083334488366059484855589+48801778232532299237290611432766463873=7978374643303650307337829544629979382571778977492251319462
9614191381617304256570997323716309690678561929830860799706+95560534307068970727928383102032474337=9614191381617304256666557858023378661406490312932893274043
3181793962069094032155511147040222202239680180325804946155+94344747124775538315567785472352563263=3181793962069094032249855894164997740555247965798157509418
2697738797149666757634843546125118509425908987935866926452+59220700225499275546294071452067524610=2697738797149666757694064246350617784972203059387934451062
7690454537290895716416640904874277668486428413967276891246+25070752818291564664239499647601501120=7690454537290895716441711657692569233150667913614878392366
7188374937610342587227989536738208505523956564705002247250+35497292063799095017682727595245686044=7188374937610342587263486828802007600541639292300247933294
3587339924924618124420445454858632324993235885646970993201+69531332623052009040943488765618670589=3587339924924618124489976787481684334034179374412589663790
8247126368804657955226261657301053264170317874704915284803+75063345252494822229100197936971041435=8247126368804657955301325002553548086399418072641886326238
4366945302941511482615496882158055250969162463616724826169+35870517214606398537286675686704674943=4366945302941511482651367399372661649506449139303429501112
3362356631747468872326136034316178300765048701240916787613+93908205801483967199094992880736748294=3362356631747468872420044240117662267964143694121653535907
8886911004954025074564686153540284411719725323341261275981+69935981212626886290692699697932404330=8886911004954025074634622134752911298010418023039193680311
2101266563096952691588243951406193575067640592542908399786+22566628446560010304071675152695276976=2101266563096952691610810579852753585371712267695603676762
5533411601876029511093167363182535017477941819972276690601+65863041388497579739492985944984382031=5533411601876029511159030404571032597217434805917261072632
1964502404997385099781520117936944009455407848912433282047+90514657059557366191364931756014546455=1964502404997385099872034774996501375646772780668447828502
9958141912200345669481656611391265728439740848200125184525+75618257686750476791756810466140897385=9958141912200345669557274869078016205231497658666266081910
5026851825629232755755792793519465281877800586601677926899+27136048223541453753513262999937636452=5026851825629232755782928841743006735631313849601615563351
9964281378727698611765191294045555562933977807077723576763+53509604048991905943601726090566646920=9964281378727698611818700898094547468877579533168290223683
1284721089894544496938863160735752370810908077287442635586+80109278803519488684042026400053551176=1284721089894544497018972439539271859494950103687496186762
1294796924532477732363102251458706633385533137607638224398+79673890383749098240559495682066706788=1294796924532477732442776141842455731626092633289704931186
9923707854585793454978768140331379326157096864075416792744+49495714447682854350580952873770235523=9923707854585793455028263854779062180507677816949187028267
7301745664704012958826625841853784619588116776103147621906+65773445882637684367596774228886821958=7301745664704012958892399287736422303955713550332034443864
3091546028973898022733369343277501220557953608641458224724+15112216558851554015250860830775978970=3091546028973898022748481559836352774573204469472234203694
3774750230882192914336043790552721126993115493120203172544+33538368144377595241247697828833815306=3774750230882192914369582158697098722234363190949036987850
2290945483690338467757709287381608635486439528337526820269+40934762463708906320247564961534305516=2290945483690338467798644049845317541806687093299061125785
1021287427299040138245320168437415112123849844580705844946+94974519079990661753652465231818271822=1021287427299040138340294687517405773877502309812524116768
9941062164580429743485233887546364843238899351829208368592+26666730101930225922742345686074347821=9941062164580429743511900617648295069161641697515282716413
9503615027820157568100696156443423533016735251006018520399+20026728160782283096172307421345006581=9503615027820157568120722884604205816112907558427363526980
8528627209299780896669646840675893393643852943930700087048+12902567436540516416678664922021484500=8528627209299780896682549408112433910060531608852721571548
5093861858714569963083640052526950514561406592882597313335+70353419083090246730133895355292055663=5093861858714569963153993471610040761291540488237889368998
7415818177070456297552380234944526975350876709300467235020+99282360783066782936202624663453953310=7415818177070456297651662595727593758287079333963921188330
6519059327004447197242121430019680212978331793999624732185+11627235760546439375825222455331997838=6519059327004447197253748665780226652354157016454956730023
3228182185624645067074338561901976332973746753152062324313+76115759716468174916102509444296312581=3228182185624645067150454321618444507889849262596358636894
2062180732108465314039928223965644188346871265982799931348+96845956035198936800637120442762553615=2062180732108465314136774180000843125147508386425562484963
7419037843408090072637680712489462648285404431788838862718+72160496165248135027626550783715081154=7419037843408090072709841208654710783313030982572553943872
2387627347341678568463282339564240545646586190333807987819+31344779781902498690955003992977869555=2387627347341678568494627119346143044337541194326785857374
8748829288951396348954138812657557615977637750392637525988+98209661670926543711291240209285587349=8748829288951396349052348474328484159688928990601923113337
9953153664819131411036900279054285477826778780769719515351+10170881907218365976852544640888803131=9953153664819131411047071160961503843803631325410608318482
4388598628635821104801453052497383518201146031943975379045+78200957986890991114989509686958408291=4388598628635821104879654010484274509316135541630933787336
4593519575805604101395996418982521115324465545195066071867+43617357500802008835403454405325329848=4593519575805604101439613776483323124159868999600391401715
3099054572057386843475322542164017024904786512066386263208+86103397964734573428819311732119133531=3099054572057386843561425940128751598333605823798505396739
2772521776396651803737504218101112562431767664680968769964+96327981684256245930925644972673273366=2772521776396651803833832199785368808362693309653642043330
7943079048567550825016365490282064430569624272679877639595+72770932811502729341329930883088207438=7943079048567550825089136423093567159910954203562965847033
3573842460995814225156181909879756032858816255225973716334+47391953785513633418967381842051381246=3573842460995814225203573863665269666277783637068025097580
5863495956601761990674384564498536004204233128025197280257+93338300207652436784793253998903441886=5863495956601761990767722864706188440989026382024100722143
7522231588150460013514049298233797299934947212943996955617+70829112003259482303582438300907585880=7522231588150460013584878410237056782238529651244904541497
9084118927964163729958861906423935336561990989217460692394+92335675848971810977007938346814785591=9084118927964163730051197582272907147538998927564275477985
3576461984537005416825401697567378359301022614091222684382+14291638748640855454731575262100610289=3576461984537005416839693336316019214755754189353323294671
8593900223092343469532876642583822737323522804545140210264+35741045289695807093981064821764647135=8593900223092343469568617687873518544417503869366904857399
7950775576404119623626242693788912385464722856609527868037+68589962670427461185271948609358679100=7950775576404119623694832656459339846649994805218886547137
7987958813222860957747099789054382061743730914287275706300+33495889163431267175199495948380134730=7987958813222860957780595678217813328918930410235655841030
8690380557400715555726032401127272609861263383053755196743+84711710546235184242432935032272023963=8690380557400715555810744111673507794103696318086027220706
5882155775372804927054824798050967313399588847552893255258+16560218574704824360371426451483610556=5882155775372804927071385016625672137759960274004376865814
3121628773920351487910707076490666963827986021290152982059+80956778454288686300402661100969576379=3121628773920351487991663854944955650128388682391122558438
2987780191079712811811375651613438820840455303092570309885+15304891179369813102583476548347628434=2987780191079712811826680542792808633943038779640917938319
6920515007474075466461583506380665868190591317833894786960+40128187721992954039296777746224391536=6920515007474075466501711694102658822229888095580119178496
1715054329549068329443773325769206329939408361819180538528+17053850359365415458251516639033762648=1715054329549068329460827176128571745397659878458214301176
3492904715201307399201971690883094109905414433422396007106+97738050715845896175694232155235350289=3492904715201307399299709741598940006081108665577631357395
9473959435001886663950044968066878185077982035170379149982+28576576224019944853798715711849656831=9473959435001886663978621544290898129931780750882228806813
6126527172134012915724933631160187759180561854504239530983+73027576269311923759243884922645445325=6126527172134012915797961207429499682939805739426884976308
9634769779632160392482991223037256057711547812717179773004+77677002460141283395971437499263228952=9634769779632160392560668225497397341107519250216443001956
7679849769896810018433351598846983725394500137860511892125+43856818721472649162537240988254700200=7679849769896810018477208417568456374557037378848766592325
9418020811170721898279259450692416746787543759370244653091+56594837819967148999763123257744626599=9418020811170721898335854288512383895787306882627989279690
3110417743402737853168244866258982219275372281916732280289+67583619037491039385100035567290008940=3110417743402737853235828485296473258660472317484022289229
5125967158743374489740044528875324826066455588959126905001+91980304861089143139679233332831256605=5125967158743374489832024833736413969206134822291958161606
8571457910166198921269667915776576655674489428103139933152+40392329331437784115078325930804399986=8571457910166198921310060245108014439789567754033944333138
9485589942183983005824045837228665357075139753009127329467+55573382924579595831383320084496278484=9485589942183983005879619220153244952906523073093623607951
3850379480850393013472187624334993375789725299915060708707+12623495667093312653314640328851740699=3850379480850393013484811120002086688443039940243912449406
1185990971134843529614095329944924164056151235448527909349+33566000621580350400706721666386461820=1185990971134843529647661330566504514456857957114914371169
3049253580499736548017180461038412986437676307819970640454+93812753898500857593880405032342236239=3049253580499736548110993214936913844031556712852312876693
2605359828987758899924319199864374487985501820079716131583+87008469036392392413562688429813223226=2605359828987758900011327668900766880399064508509529354809
3383321873489145317052110168014740524151166797714724701890+59689301711356170119909920451041517139=3383321873489145317111799469726096694271076718165766219029
5615235341481455917671878863729384426788671131487893794185+91732669785843258975951182723911327489=5615235341481455917763611533515227685764622314211805121674
8161780674085815847486981590068690249556802954787206450974+67181225002099247409954137084045494696=8161780674085815847554162815070789496966757091871251945670
5218585707955990268744339629433927966730488520735575688338+14872619814693800651918334554047266034=5218585707955990268759212249248621767382406855289622954372
5131995853630018482708472448188396302963863850628167732148+52528253310929507061327775801977594663=5131995853630018482761000701499325810025191626430145326811
3387260217171672831039392395719513439644588444898761769834+69850437780109045340348924686037544912=3387260217171672831109242833499622484984937369584799314746
4048821394546437303359098440474103756294055482993637960818+53311643061530872064690105347822312230=4048821394546437303412410083535634628358745588341460273048
4710384963212651886940199989561385062261099422842466535467+26489977050674485144596298503988015504=4710384963212651886966689966612059547405695721346454550971
6115463977167337631628952287497887099061478397558475165499+46305513617434504766508484023620051686=6115463977167337631675257801115321603827986881582095217185
9783091618690792843300505708662776907610381903358696055441+39592253035889913134452868796485262654=9783091618690792843340097961698666820744834772155181318095
6059202812591079582369889574420101168304790698983341592943+26934663470988325876703083230700548517=6059202812591079582396824237891089494181493782214042141460
5313482604914061360655066462479428912099959711523214346138+24733000144864338289289962531951523042=5313482604914061360679799462624293250389249674055165869180
5303057627213764460079946795194884424468926789483891096709+52250215715722419347558506478315996595=5303057627213764460132197010910606843816485295962207093304
1204048491702493440262914283125732592473595071244342225849+52024511745443315175843896518310547141=1204048491702493440314938794871175907649438967762652772990
5629930036084448099537769831229149307182953254435950934315+57269564975314914013390037418830302802=5629930036084448099595039396204464221196343291854781237117
3370355557124777611586932020145135960953384753683085308659+82489178393290389776920344934611555133=3370355557124777611669421198538426350730305098617696863792
5451887599547972311619102680776939603424352697722267477765+76966408871562170146070933788583731820=5451887599547972311696069089648501773570423631510851209585
