5170382494104673849605171527539+350821127334396812804754748654045915636583022016485382721926835797818929975319330646=350821127334396812804754748654045915636583022016485387892309329902492779580490858185
8892490146446506659175607749877+869760064247132834341130231612379863593015296710958077877307843870174328688601578325=869760064247132834341130231612379863593015296710958086769797990316680987864209328202
5263850911470650094876291478651+268574727529835437352548889728581576239172480362518643477296559887924198869523234836=268574727529835437352548889728581576239172480362518648741147471358574293745814713487
2243378032896160198331893862550+491745144257930175171014661318417658760058038879286061393533192343997396595834394751=491745144257930175171014661318417658760058038879286063636911225240157594927728257301
9645141246169213817755896525810+809246431151329807426443429730290616117401837240298114314888890656218049863028711734=809246431151329807426443429730290616117401837240298123960030136825431867618925237544
7252381209668070335238273766280+688328001970636979428897291495762481214666147991336287780825796109631157259853619127=688328001970636979428897291495762481214666147991336295033207005777701492498127385407
5531220805948756540648549639060+480404603280019105707743873377938411740332364207639864175677739473553340026919447812=480404603280019105707743873377938411740332364207639869706898545422309880675469086872
2631875721657547580490762821449+235213427988204153453525978475037435774007803605920468870311185241623750521398832461=235213427988204153453525978475037435774007803605920471502186906899171331012161653910
8026901572566406629460558707617+240238987525862171886700728837837809810984832238531802260611077897930967675334844317=240238987525862171886700728837837809810984832238531810287512650464337597135893551934
7359507634705170629120507927714+925551382386540500906656346163496091253184828171421001898094949396915946672975758162=925551382386540500906656346163496091253184828171421009257602584102086575793483685876
8417271153386949793802260852620+738216401869113211842508293565772441003890300736416784043727338923199137605327643249=738216401869113211842508293565772441003890300736416792460998492310148931407588495869
2872643548235474813830563216633+997899883294676830726192919137212130140356759232755018790330721766663843452046433366=997899883294676830726192919137212130140356759232755021662974270002138657282609649999
4838640845251048324816586928516+520839309808588809815013057711015756167877112340468276947994314180654445192891815240=520839309808588809815013057711015756167877112340468281786635159431702770009478743756
6247469989468864487742902071761+805398075909026694462922684005210785231979621056293768011778715489508178612310485279=805398075909026694462922684005210785231979621056293774259248704958372666355212557040
7903113443651576496144810697404+633794440963498912684359439022743372820819602295455979222963352056723821441713429302=633794440963498912684359439022743372820819602295455987126076795708300317586524126706
2065161873946380790569620113251+346299671374448470429198927808909311375159492109455197008269107378406535829969868026=346299671374448470429198927808909311375159492109455199073430981324787326399589981277
5219199218653467655208672168111+826704265602964433034229365086714018695158406403690256201136274912925684599773021639=826704265602964433034229365086714018695158406403690261420335493566393339808445189750
8161407453426470863918503508319+913632426415953133548307555616305381769587219143772963453388049296289102044848823996=913632426415953133548307555616305381769587219143772971614795502722759965963352332315
7640078882602729476073015869892+138084804650617396649801585218298018997164908180329069538430420266412493926022373694=138084804650617396649801585218298018997164908180329077178509302869141969999038243586
5267696783341441969805455655761+405030271583505725513138047160309532597773781888525712381941957808683560733219331364=405030271583505725513138047160309532597773781888525717649638741150125530538674987125
8232375817377716213369190730435+241743767224007050795156025495225314768668312987525535333053040617539542712645723742=241743767224007050795156025495225314768668312987525543565428857995255756081836454177
3897214364042174026780063606521+246875686257759303891811982130138307547657890608579524340604852806475320300526366726=246875686257759303891811982130138307547657890608579528237819216848649347080589973247
7151932981500310739061027173263+461499629652071981475110998725292206751813143246926458092961766836686560354070202928=461499629652071981475110998725292206751813143246926465244894748336997299415097376191
5440989476047050423333302328745+681745907697802605727436239522269390688438520455839664532565341319863826509181482392=681745907697802605727436239522269390688438520455839669973554817366914249842483811137
8012341729459557565349682780106+175912370504145634974762725606273330350118542359393885359211313100051179074556118392=175912370504145634974762725606273330350118542359393893371553042559608744424238898498
8920257566430540546216068503258+644487096672146836784116005085447331192413737760570226757379553624623506412303720456=644487096672146836784116005085447331192413737760570235677637120055164052628372223714
5702647219083308003095271909598+759888222773502373954119419210858105486138988477499834057415532368809171887160823144=759888222773502373954119419210858105486138988477499839760062751452117174982432732742
4717115492588775332052966067248+294933688261375639969271649985973654077928277104590552560226784937674042328078489336=294933688261375639969271649985973654077928277104590557277342277526449374381044556584
3763542049952421237581001218895+818581392755710297873688127671705227416366445974420601395144174378695455508189603387=818581392755710297873688127671705227416366445974420605158686224331116693089190822282
4315647414076323842149295330537+327917694569290214314139297590187970558694217860671225949792204809245735506831150303=327917694569290214314139297590187970558694217860671230265439618885569577656126480840
4884847182734650172817894381911+352575147471956206143415494543151839796081078016836766913587901500048690366872170441=352575147471956206143415494543151839796081078016836771798435084234698863184766552352
5057080424988384865669032108855+431003988512322563472992940529534494096720632632893754790252538165290312614817523842=431003988512322563472992940529534494096720632632893759847332963153675178283849632697
3801761745214020482144328516615+747030584652583483934175762693568400212219251872062382613102478989976125181282602376=747030584652583483934175762693568400212219251872062386414864224203996607325611118991
8172203593874777124374029646502+510498000770892056312663646891761772451802915218293114855193834126655331924967701667=510498000770892056312663646891761772451802915218293123027397428001432456298997348169
3910598239089414124641424095246+714265191774853817440293487585129209033904047341750587166628713051461662034922992016=714265191774853817440293487585129209033904047341750591077226952140875786676347087262
1659285690233590301065102242341+319535498660963216948516219265082183500381186264092213086932500340182452926171787489=319535498660963216948516219265082183500381186264092214746218190573772753991274029830
1189986280682322297189599783427+995005967592244764550398231994665047375814178848662433033339630898885130381395264189=995005967592244764550398231994665047375814178848662434223325911581207427570995047616
9312967492187205788948638260860+641701509735535590069993120733726990686179012224587966487048761619494258846021174701=641701509735535590069993120733726990686179012224587975800016253806700047794659435561
7067858627748181620397477686140+699931501772020516541687570853870164649091886194715504684452087673314083836749632280=699931501772020516541687570853870164649091886194715511752310715421495704234227318420
4486980838732708820133255652279+563942227560349363789597036741617884399298131146181459625141137279129637798546349640=563942227560349363789597036741617884399298131146181464112121976011838457931802001919
8596543883015729109527190704539+448174528745242407017387853756771874040630322357644721741166553108505887069655534352=448174528745242407017387853756771874040630322357644730337710436124234996596846238891
3921509868049677933301164381168+251447427400310598521145741696835259915950273726534346948473041163751709582898083280=251447427400310598521145741696835259915950273726534350869982909213429642884062464448
2169352992951166275329425815182+925767318165381423058168633592208057586475981455950491409048648009773196459159982308=925767318165381423058168633592208057586475981455950493578401640960939471788585797490
7582941523648027723979939492958+894233564290280008160153384470150120381629674707090604718542490217320562744505897362=894233564290280008160153384470150120381629674707090612301484013865348286724445390320
4035083408956618007863281735862+188738791017645823063230755053247738113626741773559807163865520075315371480239456401=188738791017645823063230755053247738113626741773559811198948929031933379343521192263
9557398491577548189615270002122+703298819342362110341928619612938022632946358454873858941061787506046320709040637817=703298819342362110341928619612938022632946358454873868498460279083594510324310639939
4689284624447223728372771365606+854990351486704223431406711310554476983169299426362060425448514103359188575402638740=854990351486704223431406711310554476983169299426362065114733138550582916948174004346
6690294865311401359299254418988+389282420421472360528346838683871623074719759371209534386510537733610177011384399259=389282420421472360528346838683871623074719759371209541076805403045011536310638818247
3698938331897015399664641149934+289311785629043143866032590031741022590881432816848375692977133786009993913065846686=289311785629043143866032590031741022590881432816848379391915465683025393577706996620
5735865362638677999895502777239+109937761448001069267562645483727129963894383025095339911866274559186148857230861839=109937761448001069267562645483727129963894383025095345647731637197864148752733639078
6301260163186657046540622624314+639210507383826049554367161298954839616732939193700392865717246021942344764881067954=639210507383826049554367161298954839616732939193700399166977409208599391305503692268
2366963830262274214810930311113+270144406132969874957252291618715793191133888939474695739257334798888659908074059431=270144406132969874957252291618715793191133888939474698106221165061162874719004370544
8085389768218621001948217451589+850989521314976207045529385695469978393611119674295488555137095639636066658180065027=850989521314976207045529385695469978393611119674295496640526863858257068606397516616
8827925361555912942802958536577+183640047278004608545246325675943157898994882322533735373064067409592494706550461456=183640047278004608545246325675943157898994882322533744200989428965505437509508998033
4241030707908952211848108662064+255992034316854015764917123618766700282384554755579205637365708091343741884375800012=255992034316854015764917123618766700282384554755579209878396416000295953732484462076
7736551509256728610771330332022+946412784465154687372321309541419557075016813594666285100821209031298209233679529951=946412784465154687372321309541419557075016813594666292837372718288026820005009861973
3823309871951059939310871218687+964258940761301870554645775925386900009487325914144376370094581064441516552597241356=964258940761301870554645775925386900009487325914144380193404453015501455863468460043
7285835198250968483669599332404+642328326349145724279478784313639599399177928827203667002005603244927426016679205659=642328326349145724279478784313639599399177928827203674287840801495895909686278538063
6235596513596669356407084230895+975864572430775414363310227256817154253410547105641150985325297385331403706442363418=975864572430775414363310227256817154253410547105641157220921810982000760113526594313
5100365128605138012179021183387+430667130599198887307291925584581258530684729960027242201326571892823277591581787356=430667130599198887307291925584581258530684729960027247301691700497961289770602970743
5157178978857490057178220407098+874169197915296881426796753683617206236553330542865212523064548378519985775436672367=874169197915296881426796753683617206236553330542865217680243527236010042953657079465
6695303960797535129871425825791+326103039916294068263780978978331473440921837853085319928236596519902264585547677480=326103039916294068263780978978331473440921837853085326623540557317437394456973503271
4016664826679789121504917063591+860600504281647111107809339724512567576736675966248905677184018657498480963269206615=860600504281647111107809339724512567576736675966248909693848845337287602468186270206
9685356832041330869389897266243+784730925305838836256838358226771653039911018884168114730000086632197411317373104312=784730925305838836256838358226771653039911018884168124415356918673528280707270370555
2932444389679749422773850272782+977991585970585544992855378598521338103133670382691788848078500761896928079651300168=977991585970585544992855378598521338103133670382691791780522890441646350853501572950
8942096631626362002219052394124+634181927651029287715524533086873724176672962456464154194528140137678511656765505506=634181927651029287715524533086873724176672962456464163136624771764040513875817899630
4614160090884512123144023863478+807028348777208600330485130801488732640154771900992574220105571254310490290950907803=807028348777208600330485130801488732640154771900992578834265662138822613434974771281
9276700438108189937172568130026+707619999051770900710526905816591892540165885111179526353876489472567141615949064700=707619999051770900710526905816591892540165885111179535630576927580757078788517194726
5304910316742119184654427176917+707008272035795287684777363856324563783918280554587301384444543623163830589244667070=707008272035795287684777363856324563783918280554587306689354860365283015243671843987
8311260426404718449599998963489+487068985025517856533578525738011117755998726097740958945430705461520204268201125079=487068985025517856533578525738011117755998726097740967256691131866238653868200088568
4527223939110603188334429503270+200838286845793658066240233919381248033100515973663266481160562440308600441566663038=200838286845793658066240233919381248033100515973663271008384501550911788775996166308
8568003041459895119710921845654+413712953515922121213640954697629994490431282374172278572624261342470383166476179398=413712953515922121213640954697629994490431282374172287140627302802365502877398025052
6944783849128815266033193739088+989424254887629054430829325608811102566904679399816708432238292460481076897223758974=989424254887629054430829325608811102566904679399816715377022141589296342930417498062
6919218918620166317038748209432+492673694557436282675873650136300085941226820871386256986853320015157942358069196787=492673694557436282675873650136300085941226820871386263906072238635324259396817406219
2223937801769313285632131168396+386411523817863372811388452207772203859717578431944063887563364028979549269461530741=386411523817863372811388452207772203859717578431944066111501165798292834901592699137
4852958400062545407201582826842+872971704431848380668651562773674242647091883614593375363380158487386508070088141715=872971704431848380668651562773674242647091883614593380216338558549931915271670968557
5656995295998142863815027204255+196244276335218441467910553219966272594653194186688376413084871366858151799490302123=196244276335218441467910553219966272594653194186688382070080167365001015614517506378
7636483628321660796376647878143+805540964809713065798493464719305884815159766966626433117622314430498335047749713318=805540964809713065798493464719305884815159766966626440754105942752159131424397591461
7804087787340995061767759967567+981877057799323246115222915515854693735365409468731699700233331765744242763635288963=981877057799323246115222915515854693735365409468731707504321119106739304531395256530
9920765368025221817372671155696+553464808428334358881046902206910816806413327281588534978390549869132480875341618846=553464808428334358881046902206910816806413327281588544899155917894354298248012774542
1004540874687351930069158422510+251648618789236207869069323933500279045480032990840837288322109656673289845206793846=251648618789236207869069323933500279045480032990840838292862984344025219914365216356
2781385761402185641325079348927+284634839048060775839750971706862332174125400900564155804503214979879725833938448461=284634839048060775839750971706862332174125400900564158585888976382065367159017797388
6421956010097307106042896051380+434798018097508123364618012187475923435558156540335767390125206242238352130918521590=434798018097508123364618012187475923435558156540335773812081216339545458173814572970
8013473960818274792663470510147+673265155373651510415906131095641019821555161793617890275242300982238835838849138311=673265155373651510415906131095641019821555161793617898288716261800513628502319648458
6041393775649036269074420867057+307851223311204112509279402935748348886090155038402629594682605782274895238882385329=307851223311204112509279402935748348886090155038402635636076381431311164313303252386
8431328793224014753211820478655+688235709104589565450511439280385486501976689858855343534634666023857411802963246558=688235709104589565450511439280385486501976689858855351965963459247872165014783725213
2955750854102466710427287212234+336177659964085960589068326764943781436631523688166321264334901422603941129587720717=336177659964085960589068326764943781436631523688166324220085755525070651556874932951
1924019213029130753904199015192+529183895656568551523844588599039207814411465094676591243464256776527863419505916391=529183895656568551523844588599039207814411465094676593167483469805658617323704931583
2039723732426218071581000119382+502425524322662627879607976584548669118597939859981281492157766610070264693610938417=502425524322662627879607976584548669118597939859981283531881499036288336274611057799
1695723786913405870273267903215+134069053819810574024903537751529432182342645854322414530172065325739119595871629703=134069053819810574024903537751529432182342645854322416225895852239144989869139532918
5157068448357502740790597761043+598509751994958889471230931686111922183782922228643264972107933593389191775780797673=598509751994958889471230931686111922183782922228643270129176381950891932566378558716
3739360841699250646352794884326+597611870186921659936494732135648816528916141069942840860070538579786211759379547912=597611870186921659936494732135648816528916141069942844599431380279036858112174432238
3852980956574896979200072333443+498920869532007974573715513354531024396707533751402783799957467004343268158465186148=498920869532007974573715513354531024396707533751402787652938423579240247358537519591
1337151120281126020315812868909+419165079948274026954460073024206838144995605174253195748619096828524654363229160743=419165079948274026954460073024206838144995605174253197085770217109650674679042029652
8679373973175778930749702610365+946999040152046173122528554061159822796543564908628679922204510792243341414293687615=946999040152046173122528554061159822796543564908628688601578483968022272163996297980
1720878938634106710604408363958+803300399134579319492241250729375680553513287852172023021220843596249633421317328256=803300399134579319492241250729375680553513287852172024742099782230356344025725692214
7396801812438638526486356922128+938083253335677993296352282513812648147430480220937691482906321615481603336277881823=938083253335677993296352282513812648147430480220937698879708134054120129822634803951
5020239256526919574548395572315+329243107090167570542225255268551630351689400107036468446461674738359208587977028603=329243107090167570542225255268551630351689400107036473466700931265278783136372600918
1808706603204017808181253103783+777930408414245111822914608862060426570600440652893634659572934088717926048026322679=777930408414245111822914608862060426570600440652893636468279537292735734229279426462
1940821553574478359840944190208+184062394220634274172631295568438719956219739561834344772147826732113268319456823235=184062394220634274172631295568438719956219739561834346712969380306591628160401013443
