11418884018957765681636826562645203589722844309815548+6195500400745558922322178181844683027719453008328=11425079519358511240559148740827048272750563762823876
65729974239951826273502762362178105464615985901649607+4786383061817244697755625655631062170157054520252=65734760623013643518200517987833736526786142956169859
41614020962047779358580687822195531620873928271112096+7806447711261761335642576410123723185612429085705=41621827409759041119916330398605655344059540700197801
34804859356177307509490270710205442997361184001646367+5319982938656245415891542081084663162541477315092=34810179339115963754906162252286527660523725478961459
22924183883697654764559842149834668761839048362920963+6199230318537071568145217475913062802193940896035=22930383114016191836127987367310581824641242303816998
53125825538767848040594199446228930424251271079721819+6320309279680962887312662930060341959549858411706=53132145848047529003481512109158990766210820938133525
83288944091684006515324333226623849432003946692571001+3956145938243462052426542959010600165815990553691=83292900237622249977376759769582860032169762683124692
10588330526449589052034887661078702100451680510058492+8143393611787122749856849846265519396660885702951=10596473920061376174784744510924967619848341395761443
68132075702523429504468941776211874471734172077826831+7171063160244190698288367305123146533638388479995=68139246765683673695167230143516997618267810466306826
72166664384419120961675991694955769916363613956813815+5875784534219180673120722423879260289082580761307=72172540168953340142349112417379649176652696537575122
74678098380948942083930916784263016790917508431505121+2666927063801111635086358848007513240558548354902=74680765308012743195566003143111024304158066979860023
79072851617901469617120138788181281757725687096178972+2158195113503233884572578696631162883696451582931=79075009813014972851004711366877912920609383547761903
16250236908612024708831734216605178634254581994144564+3628311921158974898166256044670793617366677742474=16253865220533183683729900472649849427871948671887038
33196259301656067675558514034877845928723587875344389+7313446589756422242744830332869406557171095811063=33203572748245824097801258865210715335280758971155452
30320832306175020618491827614725595460176369951656687+9001587803291689164993525987693015145100533662586=30329833893978312307656821140713288475321470485319273
74076586467626394766977495955061775615724886502151002+2940601281944355903140387362137631903746675047599=74079527068908339122880636342423913247628633177198601
82495832006443872041060658313121272631820777933577617+1872799218267886565857782552553060511304411702637=82497704805662139927626516095673825692332082345280254
55558849423495279177329985002311450491951462350310112+3469593939736885798167809520259814692215861865573=55562319017435016063128152811831710306643678212175685
21148036292310032993382029239323634791369678255692146+4660516000408884887781674045246985906185828990088=21152696808310441878269810913368881777275864084682234
47317610700008440405819934240650076474140525617428476+1690277914398047327037603290470269915478777234504=47319300977922838453146971843940546744056004394662980
98320633732046451538223098243876900955726934312077510+8501076141524803784233491573663871310590726269277=98329134808187976342007331735450564827037525038346787
27038945224775111009539160932790431374106382950564941+2177768644086071336232763327430373524942893543484=27041122993419197080875393696117861747631325844108425
65307293399986113872434786916501618541542612696499283+4123397357010905383856236184823458416758084089772=65311416797343124777818643152686441999959370780589055
80038685517664497104610364805009721790574787513241083+6383545535229985670313849709637337896655385042470=80045069063199727090280678654719359128471442898283553
31333326573684515438171507320156124364513781325671902+5515043267537430557279273250430643852349531710237=31338841616952052868728786593406555008366130857382139
28975706078763361362316602213675533297714684700999110+5927356352489597715156414658967792843288397761121=28981633435115850960031758628334501090557973098760231
43037969246232331479204382616403404121581234255072941+3933358826623809265208471830922128974078821163708=43041902605058955288469591088234326250555313076236649
56514170989667174534806322103959683448099999922855759+8525667530230477077225110236850033825879770735677=56522696657197405011883547214196533481925879693591436
13321012492220577462956398625508833210750397113514044+5677363921819717982190766887769173596511598892825=13326689856142397180938589392396602384346908712406869
25354994892745544558990820278280150466523571129818981+7641710641034017946043717860174901820467236368329=25362636603386578576936863996140325368344038366187310
44704212589333091934572481069710481914204427013157677+8950706200056282120495758324501091441313569797170=44713163295533148216692976828034983005645740582954847
50096630343708068451585605647238663716297907138596313+8723104857632946501175512752245775664329248661047=50105353448565701398086781159990909491962236387257360
10939026907815231671824751504396998636039835578143638+2217878212887418340659436916123589016278649271539=10941244786028119090165410941313122225056114227415177
89847749464203218721433859667872233915985226358239377+2649232180420687842164200044082062263149748890215=89850398696383639409276023867916315978248376107129592
43540981350940892398583948367812389269162746301368006+3197617079750115519713369554422379585261997526492=43544178968020642514103661737366811648748008298894498
71873196999733803674705963228926916735462553270200438+8417638552574976367330290177863376818626266737026=71881614638286378651073293519104780112281179536937464
52026851483358276751523247064867079793488663101581307+1065023705812729203935951819461038952077899862404=52027916507064089480727183016686540832440741001443711
96544349351595273662703393846639871809761930652273266+8234352748992982477128570272994399026588322096101=96552583704344266645180522416912866208788518974369367
77906759863880515099692174431431334838626446149374098+2278192133224301865110650646916393944135190998655=77909038056013739401557285082078251232570581340372753
72367193486604069438282530795635487699116011370206749+2984230039315678855259081662353318076700153632239=72370177716643385117137789877297841017192711523838988
26430525776961429183993869469666828671428069011614135+1265497695429250075331520336517489934546408316187=26431791274656858434069200990003346161362615419930322
23896914561629189112850402126121497261173202271947534+3901519239131044290187076293557363462025121733559=23900816080868320157140589202415054624635227393681093
32698579627558604577548600949247610842331511490137842+6211977285413775583821890551846418084866803087305=32704791604844018353132422839799457260416378293225147
87014422350752520384567571224542832353708132454274880+8767811975587115589526044074197703857590784610941=87023190162728107500157097268617030057565723238885821
49576943458887431834500035694442707799758433803295837+9635082322061073413246848518979230649339069605167=49586578541209492907913282542961687030407772872901004
44583374204459155072132713542754045748663572519313004+5213821660933712702486009561322392238004039679933=44588588026120088784835199552315368140901576558992937
16072359008478113759257180369867277115288337235195133+9467190108075160407796482018975188913879953222403=16081826198586188919664976851886252304202217188417536
23319876582710218097519828969615924714789438416789846+7835716726502481089465322139488339921136398337037=23327712299436720578609294291755413054710574815126883
64595336393727744683237757655623889038329616453508199+2276309375956713261401323611940580029684906107763=64597612703103701396499158979235829618359301359615962
19236976219648205685724796475697743945079665334734559+6528680933915152150316637612874280421504169808711=19243504900582120837875113113310618225501169504543270
40676784211714292300955304399639641272205086158217819+7719749643286672574852473753270825970280345117190=40684503961357578973530156873392912098175366503335009
93435541188038908535071624739450997302843972379686544+7867101352711411198473880994522432561381448146663=93443408289391619946270098620445519735405353827833207
82406226053791007060769204219346537181944217989501642+8277423712962134728183455458437129469506574154043=82414503477503969195497387674804974311413724563655685
29389841399286013451733302803422705779944946452448477+1760904460886695664500149337143916547227293642533=29391602303746900147397802952759849696492173746091010
99391890383686344915176288878427882095346797860114469+8707564418886322806363715524017246020049434655751=99400597948105231237982652593951899341366847294770220
53947512507649990635445167381679546897796897747377150+8498170236422675942918336786854878008299539126722=53956010677886413311388085718466401775805197286503872
85371243582602958227972592264383347382637150544695360+9512640412591466238806878116041443286265170637272=85380756223015549694211399142499388825923415715332632
76378351057856540983058375636225760290060237493188805+7509443891558670301047489972348034686827529895152=76385860501748099653359423126198108324747065023083957
95077057480989398223391416107590238027304135321722012+5908980388112562985265129648794230204318591800740=95082966461377510786376681237239032257508453913522752
82582565330823720861987802433776469732026159155069075+9336218785989368911530372822232207668528748303259=82591901549609710230899332806598701939694687903372334
28686748551318584988579838813276863960070702256606785+5160623170927018991467200428724112899327406440350=28691909174489512007571306013705588072970029663047135
69145306154211201084035859231783250341475187782581327+2046974020106484188284680530612682773775145380635=69147353128231307568224143912313863024248962927961962
72826509325614729002960120057760432061945977098921054+9398607267453804461115808135686351686172842572869=72835907932882182807421235865896118413632149941493923
17829100612973934548484636289255759322305026686611348+3725855906175687257127816021395280959216129965171=17832826468880110235741764105277154603264242816576519
96738236954789650942196064515048775256108400696738950+4112288032957985620265388377577858383880618257573=96742349242822608927816329903426353114492281314996523
50131279567733445895217685606861675876607848416343352+6535246407267419866472989819268682532001313025015=50137814814140713315084158596680944559139849729368367
90555970593956109946449471870763520597619485183702507+3101797474408458621607600758737648721019294545668=90559072391430518405071079471522258246340504478248175
39344597586556660066815069662543520643344645863434761+6052215148112153637928352447112577646259898915210=39350649801704772220452998014990633220990905762349971
53356313688135605553806957100263328727224222374522716+4426328644044518912860229876469921256963632546331=53360740016779650072719817330139798648481186007069047
96998381246720582500997572127336686846941324227814578+8171069038101467994637321000330497885090157042189=97006552315758683968992209448337017344826414384856767
31691907419803248874911173502520101281797036291079440+2266707829636520538146380992807926859700009995858=31694174127632885395449319883512909208656736301075298
69893806761744971493693321425783779753896184758225023+9287494817646850709920100012337024645419820914379=69903094256562618344403241525796116778541604579139402
54505257092541923067190496451577621598823533636195296+5208462876633037407711828449902010273397677344428=54510465555418556104598208280027523609096931313539724
73273579305565249406322472457749749082883199208755002+6460001110190104054037669417406715042116220668294=73280039306675439510376510127167155797925315429423296
38982303531746686027894827352471193940753899926564599+2498619435060144513468609337785464407977956468481=38984802151181746172408295961808979405161877883033080
47433511365816121799219018751207122257520761591716506+4450922738232767736157051046103625071358104751515=47437962288554354566955175802253225882592119696468021
81665774901323796077356350996488725990306776006421887+2392938719666804106718373336278928887632534935932=81668167840043462881463069369825004919194408541357819
30390206442359131177605446516134028594058792760254292+8115783798691805139439492008997537822435884740955=30398322226157822982744886008143026131881228644995247
74264364238983604908903342504144953213992023372117684+2601969023668804694778752663289018810651151026530=74266966208007273713598121256808242232802674523144214
60009354150761669264444675969192826868834623357915747+4916254314008417441720341051428385008519435438247=60014270405075677681886396310244255253843142793353994
62024042198602940441314040628350855470107782433065237+2105416940801610669736576179099364389453926559671=62026147615543742051983777204529954834497236359624908
45950111629209213004202041930888401485545656722484962+3420959987132426189800993661652382385244311103526=45953532589196345430391842924550053867930901033588488
45968725238431258206154535119684276255280176516996778+1154226111395408100981314321339533363069477702289=45969879464542653614255516434005615788643245994699067
56114220128350546185752295523098187959887764252903201+2115616900538119522232938617168536641157496109408=56116335745251084305274528461715356496528921749012609
73515464699690897976847564353421826904105969079025816+9686037048515469681727696614867124227029237486605=73525150736739413446529292050036694028332998316512421
14564057892889505841748455808584214715558831109017197+8130537100279194905679931982194477902672563168043=14572188429989785036654135740566409193461503672185240
54286126064880335799703822718546373527882541750458775+3631498160229302928268210783922100736153081457123=54289757563040565102632090929330295628618694831915898
17475017755091272277940111919965138291008482264704480+5766777719864545668023847452186228204749815889825=17480784532811136823608135767417324519213232080594305
84377313397797271351429222176426023034244991587829842+1648820008742511292568655784034844256495268835322=84378962217806013862721790832210057878501486856665164
92206380286088178700960219894476848562656781928702837+6126798085403704526191280614815657436219085566803=92212507084173582405486411175091664220093001014269640
31645884698060046408050903866884121203922034903009936+3326617436116663804876524565031605113442653519885=31649211315496163071855780391449152809035477556529821
45757540982303154004103682516332571561143295289837672+3211423989258739587779756362669367447481452265015=45760752406292412743691462272695240928590776742102687
40782902663846205241577379952748654393032434563818482+3329561959496265276906650767817878139402321613804=40786232225805701506854286603516472271171836885432286
23227450114829857668591933514363500435259595015366644+5931251599408639514697626924156505467681493179118=23233381366429266308106631141287656940727276508545762
21634500714143648636257339132948975473006094763864511+4794965289260899793308848776270395748006340643979=21639295679432909536050647981725245868754101104508490
10432645642194812282156680918648294223281046263012007+7778453868563290756148351001333643964326563536592=10440424096063375572912829269649627867245372826548599
32685755956038734820197070193011069299641815099660635+7999338239400980831865935548769943876673684043289=32693755294278135801028936128559839243518488783703924
69227914755158854440531927980336177088330793058645928+2914531369406800079077516782493196156742509877872=69230829286528261240611005497118670284487535568523800
22250192747651571504660827110735661997962063924609800+1654739611314930439915969075816539937539258806215=22251847487262886435100743079811478537899603183416015
50908245535875724591431999612709777988746091584795875+5224680770758040302252330599642102611730977953100=50913470216646482631734251943309420091357822562748975
