113355864765450031811489523209991382874428452776576807586312528958671696+4703013533047896847020666191240704010231770667075803443376542852503831941714342847832450685590=4703013533047896847020779547105469460263582156599013434759417280956608518521929160361409357286
404746211213304242207506451585276749200842645857352505521412310710725667+3245080872450736382497115547347062953386638099479520442226394403531796684909605214641001088881=3245080872450736382497520293558276257628845605931105718975595246177654037415126626951711814548
491086752867941838136706717098625195301914931188130932641664887750675056+5003367749756798698311556764371302193965465237570585044735434232138056311014026946345752361483=5003367749756798698312047851124170135803601944287683669930736147069244441946668611233503036539
258623871843553461471807673824726061926825660155457715884366338700944040+7742497698756509531868144097773257481611622145273500231417220658951330550842753228510161508939=7742497698756509531868402721645101035073093952947324957479147484611486008558637594848862452979
726380636365816907833258141780285471060628419040600730845291428851180991+1192886092393428305270039221550438246842083704742836989121883222538081787374215066376135051055=1192886092393428305270765602186804063749916962884617274592943850957122388105060357804986232046
189182927869298421794057448215946110312383183893683706839941483437390155+7046806143793899894328243231267937320814640093727009915840994910719337374816500599342315737214=7046806143793899894328432414195806619236434151175225861951307293903231058523340540825753127369
310706532574349846810824720463324986072585775921246090791894503277639310+1191538734302052110073924221565177244145542110530654525821600890040236562618750705323475117293=1191538734302052110074234928097751593992352935251117850807673475816157808709542599826752756603
541449955772249749634125140003263903958765539841360591752889518976728596+7685160359119915748683812382152579992010999846590122528351769643958434089470821519225968427516=7685160359119915748684353832108352241760633971730125792255728409498275450062574408744945156112
359548428574325650893564069360906231691678101361526652747582678014829626+1607113273853276257318502734133928320421779229018477850795134044329645012300522888682537995591=1607113273853276257318862282562502646072672793087838757026825722431006538953270471360552825217
739048894285942812685695808220178374698870050598052393797065745796569705+1336969041387822858518470879747678298837521909960047523488003454293606170362202181701713199829=1336969041387822858519209928641964241650207605768267701862702324344204222755999247447509769534
740625637643840328713402757604928600847139118291375424361785105225501261+7732636363908564331351677060624803311589145368832417273099255776808900721173963599424872456245=7732636363908564331352417686262447151917858771590022201700102915927192096598325384530097957506
728172387102829281618951657676538429711925379653371401747866599980984366+2238790557643831180180316095316623797760803656903773419787611298380618107159502922456591030341=2238790557643831180181044267703726627042422608561449958217323223760271478561250789056572014707
118354348055178401749470149990184897097989823294223702785023778921520764+4839346386770181265749375547601229589552923687777102865906155046244579797231557733137490677617=4839346386770181265749493901949284767954673157927093050803253036067874020934342756916412198381
363719750863093614602514786795665721954853111758114563158675500005594896+7316742930020875916245146610635226859123267635207862079047259314778114528719514396530348210817=7316742930020875916245510330386089952737870149994657744769214167889872643282673072030353805713
687072722172229824483271801783498010424565359574950023796192427248279024+8709136652849688861439595488624515395994011504625968510107073804069309559175580991410536339229=8709136652849688861440282561346687625818494776427752008117498369428884509199377183837784618253
745666966339879147175775337810262479468306058368067797572982503650449026+3840585438754312682262342060992875638581183341495701293321332577899200014259329759203691689041=3840585438754312682263087727959215517728359116833511555800800883957568082056902741707342138067
189445221645727285643695545655456453760135694274478121999614347369835217+7286378363733248012775178101515619767689250886475871232666291382959325822216013844609270052683=7286378363733248012775367546737265494974894582021526689120051518653600300338013458956639887900
392092115748386680089115509120259233989908079443574338265804669172769214+7322605037967784918391474533446903433663905115490214100298572793922353724002436070970836234938=7322605037967784918391866625562651820343994230999334359532562702001797298340701875640009004152
755622693743611959826046018597951396733971485497303814676388748126073911+7658286008643089104321335362445595003587131577726279992241424533119341558746661643580067529760=7658286008643089104322090985139338615546957623744877943638158504604838862561338032328193603671
141445318776994968696922023631531581080178636102023107405447987816692425+5179422674692591920346198363223966273002149548168499884171158278923667279504880065393163542401=5179422674692591920346339808542743267970846470192131415752238457559769302612285513380980234826
207995877479958398302436659609958284825248437243244951079001500601990089+3247934128261082910038992946332762930295942527987610511523316973768564808352662257856543274378=3247934128261082910039200942210242888694244964647220469808142222205808053303741259357145264467
303564027146024168037816259199160251497631711239338178826751429680375967+9564910721173833206649154425539640834609641065814672230016171858857326973496660771909769537580=9564910721173833206649457989566786858777678882073871390267669490568566311675487523339449913547
208708532264098364229666603787515534728713600146213247439486143437024674+2523322277972858894283473589814798292920218634713738606200085781192970526548245478050583922522=2523322277972858894283682298347062391284448301317526121734814494793116739795684964194020947196
227472718611271934147653456717962326371788138056577858313065808395774988+3717103803394483732271602918818476186579931626517567480657598625318451075410256313218974439023=3717103803394483732271830391537087458514079279974285442983970413456507653268569379027370214011
311483545274076358343266532933913217439285796978755636661212860840689985+6058768403262413414908826460225558423265142027633912819149040832019137243751085991221352575690=6058768403262413414909137943770832499623485294166846732366480117816115999387747204082193265675
348842668882154598864219188142422015432935140783663511148943538644889941+2007576895017513648080367605641229539453099535735175347660264850347175630741183820076951345852=2007576895017513648080716448310111694051963754923317769675697785487959294252332763615596235793
422014077273736583483708685323209476564893722540136057687289888185941872+3025316180322004636057762310081588986350022378260336884311050975116873725438085996938596841961=3025316180322004636058184324158862722933506086945660093787615868839413861495773286826782783833
135585227274313862470990869903799308562201626733602282062055950201699666+1150609961594730543858238180502034848773466484072577480450959216199763835057903174173958453526=1150609961594730543858373765729309162635937474942481279759521417826497437339965230124160153192
599094553943538998548053197926573879335276442712307389489498057028448942+5318379567778579514698625058515702867939795552727198555396378796200261515683224157297856173191=5318379567778579514699224153069646406938343605925125129275714072642973823072713655354884622133
838762815235835594785091855519778382682772086798266815170771021300281251+2348331039336686590251763835824149802191703808717446012923593414547872187165150253185188131624=2348331039336686590252602598639385637786488900572965791306276186634670453980321024206488412875
445325501303843284589146513742327413140186181192836867293438778004977105+4524884718819291089803370666680775467829913175532562232210178747631793179219612315778402491816=4524884718819291089803815992182079311114502322046304559623318933812986016086905754556407468921
415796617245448467831518102202025998205636949667144599042369590672652995+5800028036109683096629199710794840982049273008859309510928883920081355003283581515687916480695=5800028036109683096629615507412086430517104526961511536927089557031022147882623885278589133690
920444999041585574114792574694196587247036854987449404231756651399722486+5045144574443715544591305123110682533430925173240454550622751574309297767565345433684243210692=5045144574443715544592225568109724119005039965815148747209998611164285216969577190335642933178
404193296096180187482341886248440544287641597035854924862551693678504553+6844096219835855452940518085903844623514802722071712446580532343670002982271879917877229302111=6844096219835855452940922279199940803702285063957960887124819985267038837196742469570907806664
652737535818360703098509848994102591654926717236883695038907337090740725+7660276200130088577875848702368013257541350333823155350704926772927397977005942983845578440191=7660276200130088577876501439903831618244448843672149453296581699644634860700981891182669180916
228362654782423198191381634062548729904902329535931635924385235203434072+3887045581196972818735172098472953616271383091676909635247086645128597064227765072114280819964=3887045581196972818735400461127736039469574473310972183976991547458132995863689457349484254036
639554363618487981285941956935799854450629616348876078910742108051478163+6357728395398103095848245182595342848882525886823672032345810415937334334191543547654960110495=6357728395398103095848884736958961336863811828780607832200261045553683210270454289763011588658
641919576983891614372201386813555623966318656491444563572129207690103021+7510856345403181419611521286285445139599673254843307123919469197639662475861535665843653251181=7510856345403181419612163205862429031214045456230120679543435516296153920425107795051343354202
675943064887940367526388174030071390421378887783284563497227229174167792+8902903632011139898869912096240337743607980574018767897787851116865215447626255804889639146664=8902903632011139898870588039305225683975506962192797969178272495752998732189753032118813314456
308541887122888633918523208904107575832803556980262296241534098721724529+9253804157489973544859011037371332475309826047690722167187378543741746158423180778983807219632=9253804157489973544859319579258455363943744570899626274763211347298726420719422313082528944161
390480128330609975662704185675759624636055997289004582291077741307692948+9553710302720478040906575704666903048301826560750949365320220231825008263985260016728041297563=9553710302720478040906966184795233658277489264936625124944856287822297268567551094469348990511
300233733531565585937041963675404149996306729051106849488246939336123741+7278975137704165838351888562842962218077731237605136064250182218304927628284124775564201455057=7278975137704165838352188796576493783663668279568811468400178525033978735133613022503537578798
560214962719583050807599449145262091215510058275554268223734293946097241+7161681976974598845996365687716845075690388451252388006312633274918019883072592635213401305308=7161681976974598845996925902679564658741196050701533268403848784976295437340816369507347402549
933676361973623042433739116614683182495782937451603707250319949460114943+1655258525249590964331071471098687060967102028930267833464716625717917265124372084921171272487=1655258525249590964332005147460660684009535768046882516647212408655368868831622404870631387430
345681792694040572534260226480497635581168216231284508876180814600628684+2312661761365533598429158849033612370950126349450747971560435815645190343685380748109397536765=2312661761365533598429504530826306411522660609677228469196016983861421628194256928923998165449
814119542312575144966141216552754150965442028989947594652643366089626033+9304785673374099253599286869728777883613583666982415610844208229718540645987211538237550890298=9304785673374099253600100989271090458758549808198968364995173671747530593581864181603640516331
571594331413220548209614303465549448964865689253919358166384876305758673+8731943255651037291435318279450709197423050577441408872659590870715149742105897177906169664772=8731943255651037291435889873782122417971260191744874422108555736404403661464063562782475423445
641424304190290586983562699832384553054702418677419353040466510088158996+5164375705768582824961528664035946658843104044842823109470669435508414947439152907248003988208=5164375705768582824962170088340136949430087607542655494023724137927092366792193373758092147204
859300786138304003546487407960711369565188313717794317574196492740233660+3329867868454541034039465234989209581622684127899388687690077115191389356670406159398855964989=3329867868454541034040324535775347885626230615307349399059642303505107150987980355891596198649
212003790633756371743250810446153578801850772925095145055879433396484916+8876530752102967292034738311654400890998570156666231395277472276685032816139498248568187646944=8876530752102967292034950315445034647370313407476677548856274127457957911284554128001584131860
148618681792304717003634636007637038657578532993737108193594702729160679+7887184161965138877614477924804896573241725711388538679242842250929860105174065858368400418232=7887184161965138877614626543486688877958729346024546316281499829462853842282259453071129578911
573667617511415483609503490499098097009891228052594257471552728557353189+9795708591974781561545827947705990936821267889382462866136361617671682151343937227299477081869=9795708591974781561546401615323502352304877392872961964233371508899734745601408780028034435058
220457025582542224342157895249621699648091423281004412115094747658323503+8981405870907901737998090714448899753338407671467871870954579035894628466389293826960150563820=8981405870907901737998311171474482295562749829363121492654227127317909470801408921707808887323
737258742639520963299385589207960092802881891221289947367359550983600866+6283552019185702749506137955486956165245212275336681652850411433833189049537710024308925719688=6283552019185702749506875214229595686208511660925889612943214315724410339485077383859909320554
775364154369716521220499375039687100433316539305460788050859130804574773+5436909358003260986116005606549306537286905672854076091893258025479540377168636110433103755316=5436909358003260986116780970703676253808126172229115778993691342018845837956686969563908330089
940780646522410189701827468890265476803616429596781302257155519740997553+9332576924309049544393801114609729102912404668503867006171584232755907258346514767441731676342=9332576924309049544394741895256251513102106495972757271648387849185504039648771922961472673895
407869695897978768908558258033173638460009116947259918861220533625671018+1167856126580808810726245328746453666745637418164373177781509270627115087335658596822429521553=1167856126580808810726653198442351645514545976422406351419969279744062347254519817356055192571
750128947755461303169021481360935419044564375018376183702915647289425183+2825509527187075048547978116594394189026337524759922637942060537189464208027523710826806355433=2825509527187075048548728245542149650329506546241283573361105101564482584211226626474095780616
523754556923918920057855981124966850692841152588058861348686982035243331+6619096569762918008807773645097911821438785904161088404494642888519479638954210289417571293937=6619096569762918008808297399654835740358843760142213371345335729672067697815558976399606537268
816996118329053434896987204840349788259891130164748903387199925976214732+8797592943070556862826652470606155669619383008583046627109360304498429367762602787385806394163=8797592943070556862827469466724484723054279995787886976897620195628594116665989987311782608895
540288968394788627670611534367933020884433637720389022654320289703990188+1695605321754789598217010343312887909494634087220199164181759742510797693055910738445921535007=1695605321754789598217550632281282698122304698754567097202644176148518082078565058735625525195
403619488450443471519888984299357548834182443642283936549563285043847703+6595681473873596599926733492397634654534173691883655478244071600166843486477723329608706427642=6595681473873596599927137111886085098005693580867954835792905782610485770414272892893750275345
444498612164302476678513613504913804657936657353316801477171368385624444+6712644255163895825691699663828792317589407966466965453018708522747990745927357747634875168578=6712644255163895825692144162440956620066086480080470366823366459405344062728834919003260793022
983178869668576511411242889882370257631073731892313482332748222157362322+2392418217360655821788063477581107479898788421849143402255623439734308944880576031243288695807=2392418217360655821789046656450776056410199664739025772513254513466201258362908779465446058129
367717309440612417760035252299040432037733952450016779640961936019166625+7466799054435176984631322456773012005489812782851214837022216199319167177267458834237543499186=7466799054435176984631690174082452617907572818103513877454253933271617194047099796173562665811
134159297396048542467512730657764586970398936756666071528356369941988739+3186202313023460602976257436782393353796791697100715540829120112609057952035684279846580812285=3186202313023460602976391596079789402339259209831373305416090511545814618107212636216522801024
177666967017087599111863121094032440755515739266881577332024696864891101+9139273712117391382158770068483016132395710129670581816460846812262454357187743989185766709156=9139273712117391382158947735450033219994821992791675848901602328001721238765076013882631600257
447268847147066914422547038810033081643703405634809523092113257069688237+6425423323011595579786520653639725549123038915775116518607763839837204759277695257143408863680=6425423323011595579786967922486872616037461462813926551689407543242839568800787370400478551917
822435175791146431089238458110225127442495448882586405598069474434257163+8042655120265746758674530619866378911679459287997700758373366516434028559715734068024253443202=8042655120265746758675353055042170058110548526455810983500809011882911146121332137498687700365
664176766038894202800230258722302998697693254079089970340878729127081866+9001082019778407763795090036386127578922795789506157061968261627906803323701075389427992114094=9001082019778407763795754213152166473125596019764879364966959321160882413671416268157119195960
790132271216428053016627532143484637992688884182156677473634773502014923+3435793451122293359745796367474458962652545233185437770552191649307794316774022652911939901868=3435793451122293359746586499745675390705561860717581255190184338191976473451496287685441916791
527775957732920389202443405652573979487340120899481625390461704197760353+3052322933240306049854075035739780059676723217816133332114538205030671193968521199190447693105=3052322933240306049854602811697512980065925661221785906094025545151570675593911660894645453458
328404608466958628103530076093370038967014291051684024808389724676063754+6728365000353291417711490062326775516872606173030349076660033572921416478999805088161570184223=6728365000353291417711818466935242475500709703106442446699000587212468163024613477886246247977
478890849829000702536753517709223368797626806020727817224874029139310042+7887769737476862204107067685081823410517689457778729228968101162638463859544293342415640864250=7887769737476862204107546575931652411220226211296438452336898789444484587361518216444780174292
820980435494329027473571599729021774213295668434570836290928202692640782+7915889504654159198297282843465854632211356551084551098989216892278625764576058171350714375632=7915889504654159198298103823901348961238830122684280120763430187947060335412349099553407016414
738967004614829326635708508515464196403218547799495807294542162469526530+7094277723328355212284754181396241739588380287823330914597585171503135741834390481847864351643=7094277723328355212285493148400856568915015996331846378793988390050935237641685024010333878173
369354730691830613471649554400056437432315648730332842051471736436789400+5467984148133445367670956532453089888957732170285341975426406952845188606631622969911313280918=5467984148133445367671325887183781719571203819839742031863839268493918939473674441647750070318
125597120890487327593079379906184314124078346432751171208515773251117983+7440122239384375448903629149336211855002711756627477706230868789643422099163623709682696243593=7440122239384375448903754746457102342330304836007383890544992867989854850334832225455947361576
609957331994005419929658133344695629070186368288891404727413674350010403+2481839538263992397579796197392835273648702093634408960618430687524283323396624267084942512603=2481839538263992397580406154724829279068631751767753656247500873892572214801351680759292523006
236882132460542233226646908280521830337819823107782726996697094676200135+2428064130999371055496511226898988800312932149063356549523935739329397046553580661427459662857=2428064130999371055496748109031449342546158795971637071354273559152504829280577358522135862992
814043927122812077957828885628485686268511618272366764344096397953520581+4830298701307078335927569433531302875448175915828109522848798317853201478240097330115678889926=4830298701307078335928383477458425687526133744713738008535066829471473845004441426513632410507
884829131116994194920814850733819222018416628637768276275099312483040837+6824797987771534887260912999013035246181063293882108328500131176004207147736768835007416102748=6824797987771534887261797828144152240375984108732842147722149592632844916013043934319899143585
561289722454708829250676146782572779149901172462269413860922907582496934+1790908085895671312737257949593160415841517566609738426161519741673074252672979804328756202423=1790908085895671312737819239315615124670768242756520998940669642845536522086840727236338699357
335276761758948715022281533023141450683818831671804422811818548780802427+2842972458081895510341468407455769474481914605176507323379818591476520105784122125344006615101=2842972458081895510341803684217528423196936886709530464830502410308191910206933943892787417528
282230982409611598154151579391584894739995516110901129879062212526758531+1547833462561226186217189122408222651952059329219494912308243082433369511614272337470424751797=1547833462561226186217471353390632263550213480798886497202983077949480412744151399682951510328
977676828593586283548370275920745464436994021512750070384730149135436151+9326354856774183103124083564275511418010631526017252607147353214589772966142323488079120692704=9326354856774183103125061241104105004294179896293173352611790208611285716212708218228256128855
761759667645775605485294371683287381321695761678873363925857847611632281+4841615679889047766072270501937681299651042475133613812972575125704627809170615362432677419996=4841615679889047766073032261605327075256527769505297100353896821466306682534541220280289052277
899812187002813005497235975911818516818740598688177327855139468556281513+4161344216269025244507001964092863313258119592861159084615074366852488543989429528450307117633=4161344216269025244507901776279866126263616828837070903131893107451176721317284667918863399146
594202580143053689383190609206586399519332395192544649534695537152811868+2172479762643298204380209221245784859892982467592000762893905458939952400941688990723879747759=2172479762643298204380803423825927913582365658201207349293424791335144945591223686261032559627
523806955119064340271755836654611791540725996149768830146512445700289921+8406524734711101983132206959846032153411074594641960089543475570074374212082876312109450448998=8406524734711101983132730766801151217751346350478614701335016296070523980913022824555150738919
387595286303165023836584318456124696394754940472421530553139874524327162+9319358792486663722837224324852116910516899926999429576815931893379546016503471828474948903990=9319358792486663722837611920138420075540736511317885701512326648320018438034024968349473231152
445302021309072019273197392882590843921793075437037477966505082956422163+7732345204883325641538707392739976589236997680892910709394888091148954600423361972116236832987=7732345204883325641539152694761285661256270878285793300238809884224391637901328477199193255150
468819677415108350159554220690133009098356678170465329094909559402501118+2324231870018492445704330244798872207122944420151468452517684145378027176203190307235686817918=2324231870018492445704799064476287315473103974372158585526782502056197641532285216795089319036
781282782129502910846452011875467032533854145541064108031521357874241420+6288158680130001412907681007776365262006888027172200047695791271218678316845971977760074964897=6288158680130001412908462290558494764917734479184075514728325125364219380954003499117949206317
819933025777457057647417469191885490438234503238313868098797027934760710+2633201301457576472484644411853302171617368138393275923111348848941858800661206242438058005403=2633201301457576472485464344879079628675015555862467808601787083445097114529305039465992766113
657820398747056856614891257237959945426348807874587598952017577589657546+9649473366005668803667060779845822687643569570079775570107654495673807859823737173742998032950=9649473366005668803667718600244569744500184461337013530053080844481682447422689191320587690496
286741806157220386447733334648083399814090046208840118085413762243150335+3771916794088414448235607998533136103188403518523753401222052427783850169220770377327011865073=3771916794088414448235894740339293323574851251858401484621866517830059009338855791089255015408
635357018435250294250902923776962558171428878178921776156952839771225349+4166113132506922416605294417694894146621623539285622416648463542061356017673527137916666889756=4166113132506922416605929774713329396915874442209399379206634970939534939449684090756438115105
731354898029502272988466655665723515252204832758591701681220697834427490+4942033022684351421516467144845758018672292632961160796548573678387698279281512779387698622766=4942033022684351421517198499743787520945281099616826520063825883220456870983194000085533050256
502377857189582224693716201746535325605261332683834924909740633782668794+2338322155392661705374463745676697750253173134427002900297240094301337893531273417755390511991=2338322155392661705374966123533887332477866850628749435622845355634021728456183158389173180785
