11966323806928251168170370172446127713044104985586+741687678676180504125562627931242751382164193387194107253881962463003237193426=741687678676180504125562627943209075189092444555364477426328090176047342179012
54647329856288167695685959769256670571807744331065+372660606385569342800431599878641931156481639655005065851934935498944573276639=372660606385569342800431599933289261012769807350691025621191606070752317607704
58324614968201864454790399057896433037337080813896+455073148421361577106948159301650867861494416698929437131344165858014358563003=455073148421361577106948159359975482829696281153719836189240598895351439376899
78811894754514534150316771169281984360155378901411+918166544818746578758722444931398813652634815255022687622217905161206683781690=918166544818746578758722445010210708407149349405339458791499889521362062683101
14208159574411711772759570403661308982560012182820+121698630778129450139480101342811953599478790537197844106678073668222337919232=121698630778129450139480101357020113173890502309957414510339382650782350102052
15707056026038829215488088166055250972641420239407+626996582817264717204483182466021396717945387629033935864214733708731626780881=626996582817264717204483182481728452743984216844522024030269984681373047020288
66555156483009727645118965853260840648378882016503+462572803995290280525802993891600403636816455910603578173319272681224183140116=462572803995290280525802993958155560119826183555722544026580113329603065156619
26201741507042026840893536649927972303682475584935+505542902514747457627676523311003263923667008387228796718282366505989290138848=505542902514747457627676523337205005430709035228122333368210338809671765723783
26002485273999330899152651954588174518955839060399+188253552024546083988501234703951000342802107346204716106268749741014558774210=188253552024546083988501234729953485616801438245357368060856924259970397834609
42568966440497075360553383205925277423776219418443+188326105536917320289022788960789930118312002495614395845452457234263001388508=188326105536917320289022789003358896558809077856167779051377734658039220806951
51401035534855772372164703942294616899422281824635+410952668290593331591275770846804016511948486073459233231764020132464965870118=410952668290593331591275770898205052046804258445623937174058637031887247694753
95890345544815403109643569357815705193057898265852+298004994101956011024819102141107381595750223736113906690422601432690394490329=298004994101956011024819102236997727140565626845757476048238306625748292756181
62212442402113558834301782846376360044262563259186+215517475774587552736996753947555950636447602702220890070795224020508198544535=215517475774587552736996754009768393038561161536522672917171584064770761803721
20744856952321926385616554131799427127670731425580+689857979870905018264112704495538361490760960187849338206011392421634913390251=689857979870905018264112704516283218443082886573465892337810819549305644815831
68049073903332843760788809316230675997032351762804+312772013281381199703892905294889528029409803972548858001151980682904970003820=312772013281381199703892905362938601932742647733337667317382656679937321766624
34807990881865068002457682908426171664290894636683+734792754981584916503908606531000742074311987343380098065699829823629595263012=734792754981584916503908606565808732956177055345837780974126001487920489899695
50032168916320345213520107262861365463207925359940+960500947802133743431800026192800731404731460126413043271964030950770768441411=960500947802133743431800026242832900321051805339933150534825396413978693801351
22612387602658185319566620324662497263475288156761+193344164645164412094328598896975528296611632338713239083473563218816300137000=193344164645164412094328598919587915899269817658279859408136060482291588293761
21653933922915358497654112836088818001882323566235+212939143338640833252694712520189923873698448187800359988090444145356044649360=212939143338640833252694712541843857796613806685454472824179262147238368215595
42784255097201369352883677063819827452466072966704+563508628826799141475952086518262379774237775388460959075560844099146312272499=563508628826799141475952086561046634871439144741344636139380671551612385239203
76259871803908618691923637409215690601565835059397+510643953732113382352418764207890481742822678031863776898037176453281470726649=510643953732113382352418764284150353546731296723787414307252867054847305786046
69951018681678767781142223233411542117671631738600+212758758794644480564622352238561231949669740527258436169720119803719418352117=212758758794644480564622352308512250631348508308400659403131661921391050090717
49299120035491956355363195983625924341574133594998+745941421972851256603804724547305557629505369714927174227168300880072950671119=745941421972851256603804724596604677664997326070290370210794225221647084266117
77375953499844548306165039623979185458619090553937+106700664831369321744997786815297771445797509045216488451737891287275467527607=106700664831369321744997786892673724945642057351381528075717076745894558081544
63819497500616460887183371411457059153204642319139+336976241644910728846133759649285811507776538210121170984132785558622323779645=336976241644910728846133759713105309008392999097304542395589844711826966098784
97796530467464287751971958973200737734053665928302+844456754951289189938254881845189089933763055735163137059767017300805764217694=844456754951289189938254881942985620401227343487135096032967755034859430145996
10384740705515613541629092412992646295045115709659+576878031024855410948773277404670740792437029722103452951450342997123934002487=576878031024855410948773277415055481497952643263732545364442989292169049712146
38977739193362886447148721385764272180093682878705+692478049466046545381519962532588265669913380634564855928210399098194369009826=692478049466046545381519962571566004863276267081713577313974671278288051888531
58326175554393115572337064343973292410381365211098+729891141160109581960423265943428703079450267634511248174864902932894713753126=729891141160109581960423266001754878633843383206848312518838195343276078964224
31946124033259512445615142953051127225212666621865+671240362019724664221387740738570262672774866170388052921346899524453743419372=671240362019724664221387740770516386706034378616003195874398026749666410041237
23385379919870081711085174482016210836320825356015+292233028309020736037991564733648345644057633931240914821081904191620133934731=292233028309020736037991564757033725563927715642326089303098115027940959290746
76127404392650136855917768138630668712081487753595+156508652355479923970824152731746706752745786909456449769211438753098906520017=156508652355479923970824152807874111145395923765374217907842107465180394273612
88839315661888149614250604747890607305046887671745+237221473093132660320438453834978024859559893670924499832057015383263830286283=237221473093132660320438453923817340521448043285175104579947622688310717958028
88391906319542272638052071818770967477246527833102+919415377708867340514139659045789815107300709234704932694992706290865933744850=919415377708867340514139659134181721426842981872757004513763673768112461577952
95537652348445500190781404532833286401061540238183+995344695568785492468985851962554065519126822911518482956669518200423551767755=995344695568785492468985852058091717867572323102299887489502804601485092005938
84141037549080106880286139601200796242140500345032+916425174935075989295051279030648908842648336722302529355077803832824902189872=916425174935075989295051279114789946391728443602588668956278600074965402534904
47760866793711731315985424153290939923209060985725+640968624018963043933811978450451116624838894733610045182000688358754408935544=640968624018963043933811978498211983418550626049595469335291628281963469921269
88985872866959483409354427372019808451704890400225+671588878339191145892140603059972706413175738909553803068311849658098791157067=671588878339191145892140603148958579280135222318908230440331658109803681557292
68747133709021388856871704760797320055424182781469+736002438337509015677309413643657795485800416014110815235318780382849140511013=736002438337509015677309413712404929194821804870982519996116100438273323292482
67417296127279017826412699475872665486738368373968+531029575043519010544632140147953552839601464771883303058102248369370959959597=531029575043519010544632140215370848966880482598296002533974913856109328333565
47970860650362275244426363958252051199742896067697+542863940234883158243188117201487552657670274498109152101711931989709202361887=542863940234883158243188117249458413308032549742535516059963983189452098429584
28415740092469794569133125713980901946946859745360+839088696654111584077960124426709907635346640139322913135371016704543565711504=839088696654111584077960124455125647727816434708456038849351918651490425456864
80858856370997729074692162866696110295931756124884+680087039569901806583512007996337601374159475196620867701350513909682243320289=680087039569901806583512008077196457745157204271313030568046624205613999445173
84538229382335127476845966315769027070056001387906+987993229849875741817450156219479257992696556305988448339550443355821982815967=987993229849875741817450156304017487375031683782834414655319470425877984203873
85543579696591317314838827140230192837958018569209+126966611338678122544296332610486505714346593842678590818926983674797363082894=126966611338678122544296332696030085410937911157517417959157176512755381652103
67884248231828294744777982413264253456272595894990+594651060708094327562505320860669373217771807142506248476521769180055137895132=594651060708094327562505320928553621449600101887284230889786022636327733790122
35103229757074966009799542124443284057712374777581+960793180334872999782891829104811007270093310118474418582570739804562254506117=960793180334872999782891829139914237027168276128273960707014023862274629283698
40188627893168438138164002164767354018646935763314+327001189762619200129880311332398726924463617066642543413778002289475645558537=327001189762619200129880311372587354817632055204806545578545356308122581321851
57745130616483489584424198696989597863700956647313+980353905938683375586533920711259818003141438121906731001032096274321153124714=980353905938683375586533920769004948619624927706330929698021694138022109772027
78693181282415630678640534570880056992339043033590+129208336452705630553491032774648377791354287781667460066803184197222849529332=129208336452705630553491032853341559073769918460307994637683241189561892562922
29831644085378617078186189671781724187735067336918+487863962652071555027309743238921304623359429133001564300410777915985302385282=487863962652071555027309743268752948708738046211187753972192502103720369722200
18361637421011835274284770807815544848835468842104+984310133016503142171152996589897476605440279647247205744072910036268084271653=984310133016503142171152996608259114026452114921531976551888454885103553113757
93852324817511391244567134240048794498133576937948+682375681204317303510284367353375086732932633020327746772466187089394210088950=682375681204317303510284367447227411550444024264894881012514981587527787026898
84098657969258671233194981085616257618534343006585+609563177144033959240861891591299372284173790690546175001682307340971683657976=609563177144033959240861891675398030253432461923741156087298564959506026664561
33536696227151733865764409774163135329035022845381+657057000772530675198045093433914728450073640037672203851929713871317739175703=657057000772530675198045093467451424677225373903436613626092849200352762021084
81106204424829760070024375430708635946492972168860+126935279176243264000060381221736255386453355436893058343072788015413747249546=126935279176243264000060381302842459811283115506917433773781423961906719418406
73164845586286988065357662160238869475048711866255+672642978499305788315832695539714017254441937845495399052037328632557360054100=672642978499305788315832695612878862840728925910853061212276198107606071920355
44393219733964766129434263865167959783394651197642+262371370171449133414949535611820527299051943135181481053797560087841376107664=262371370171449133414949535656213747033016709264615744918965519871236027305306
56718705811167294167195098099788238544915723219167+608325079855978151789940824866697528152779604356988849342067062633471793231233=608325079855978151789940824923416233963946898524183947441855301178387516450400
89589698270501127736895465119591640502533558048845+552430009019703177288250540188676527866988004492500280063093841611113826938735=552430009019703177288250540278266226137489132229395745182685482113647384987580
86422949801559465929753983910921145479107947667089+932807480540266030381426746394652085826956222674714933382647827057407777150120=932807480540266030381426746481075035628515688604468917293568972536515724817209
50783053246039816624850225430368306892220060032990+949392684378676981565957458123501132683899218785763916391540116318424550027436=949392684378676981565957458174284185929939035410614141821908423210644610060426
61145320653818515264660821227698902813148126898933+759556730967565317468582498145886544396548613892305667013976337531499663450058=759556730967565317468582498207031865050367129156966488241675240344647790348991
76042308693193041919504692369221181843463298620456+404454706700182229252061165851775687420878616061657395968295424672243648010256=404454706700182229252061165927817996114071657981162088337516606515706946630712
41793943032292105362611463377704049466109160886460+458884742222725058421093190858462946767667100772593216233961329762182289231045=458884742222725058421093190900256889799959206135204679611665379228291450117505
10261357651124066362325168991081507193268796257543+468912742137825816365304843884488611365151801858278131705660171732225974095425=468912742137825816365304843894749969016275868220603300696741678925494770352968
42556973650372587135081862492066175654623175936222+655407408318568723506219527083330650617657514987439123242503505227013436944419=655407408318568723506219527125887624268030102122520985734569680881636612880641
53296634483485950546871025410083382050849131311392+548071908300470011337371905553417185736333036670283311042761859037156029017827=548071908300470011337371905606713820219818987217154336452845241088005160329219
16181881661059565241040181519301273596511964270678+625933374022433089029930512700642426395090973684160502491736597965418877281762=625933374022433089029930512716824308056150538925200684011037871561930841552440
55101265913148430044955298149556425460988322057256+839692946928521787403190406824412604733718815686589601992822236589911661171745=839692946928521787403190406879513870646867245731544900142378662050899983229001
92225032042968305628473222625410351028500803928932+874363742557502390625972091323860148941890169810047189331659059069469190877274=874363742557502390625972091416085180984858475438520411957069410097969994806206
92880121525454155393074079000855553969789005209340+719953957958210825978075037297221125890502561468256598269078627583108479149631=719953957958210825978075037390101247415956716861330677269934181552897484358971
40047859799861462019348475448917214056525718254771+107401457678981804121952196218510043021842084227042233048104586128898669794658=107401457678981804121952196258557902821703546246390708497021800185424388049429
97298304132895025510626515432546063742474031241173+867947416220784062174069010975361644133139540367291678752932199937391836164482=867947416220784062174069011072659948266034565877918194185478263679865867405655
78768037842236330515963637732420229987474015545661+366578110452250510602416841842660966696131960296554712065419211785995025977833=366578110452250510602416841921429004538368290812518349797839441773469041523494
38356620947039348497553849540759017504437456301878+447663589386314596910449000153406559004331886385651784499687401162678542022472=447663589386314596910449000191763179951371234883205634040446418667115998324350
58190359216527974959559069734668754983286490423868+604191907240713446359510844842388198272689777623563128703701743270659192765559=604191907240713446359510844900578557489217752583122198438370498253945683189427
52881646830312047987698260768677667177043165978211+670737768009014511574650478265286887971480098303881929179706939377542330532534=670737768009014511574650478318168534801792146291580189948384606554585496510745
80318971462918497811963650883780335815211670013485+393421264870756123310143848621228362275097772597637158094467767893054197110328=393421264870756123310143848701547333738016270409600808978248103708265867123813
30269908628119213825743279555966535044091885095661+624369481625754661550348251044987017098544604556591485097262617294803180140690=624369481625754661550348251075256925726663818382334764653229152338895065236351
44650392790742786669523237015310652036215975710343+160581416281468679469216004698751811383480997492562058076772927638155346637455=160581416281468679469216004743402204174223784162085295092083579674371322347798
98989144302824458366329916287647973520587706092884+211935848611457185108169728306928175625365876898026016684951588092717730372255=211935848611457185108169728405917319928190335264355932972599561613305436465139
44863659239080520539983691459763789439696776587547+240266214544434710549576247325293066287711056804516903513921825194906298753907=240266214544434710549576247370156725526791577344500594973685614634603075341454
27186252909291768275800492377699480645623351631385+562907909648232619848100350303633014040745880205868369931748879890961255823838=562907909648232619848100350330819266950037648481668862309448360536584607455223
86201320584069724072705538572023511597108280713788+409660234215815964107441304509396998627871678164324563284586588781656024640646=409660234215815964107441304595598319211941402237030101856610100378764305354434
63711948019886566185146968406682902516090993977697+614925110588107363152199600687668308745155525556334259978031817789430168084497=614925110588107363152199600751380256765042091741481228384714720305521162062194
83904140982679401939895250547685693095698191665028+596719325476176384505536494993458030778276892697810346301431991235222104515198=596719325476176384505536495077362171760956294637705596849117684330920296180226
79797500439657913436257592632656480781442498885540+942269442179067502344833708134414139126350813056536389913445637398874184215748=942269442179067502344833708214211639566008726492793982546102118180316683101288
36841318643515517069838047857469502129697928079529+228111703340349823039515399733326100667948952873036280739732947198951575258252=228111703340349823039515399770167419311464469942874328597202449328649503337781
35274754385153909630309669248355762865510079839699+121417685741299223473701405483409576648812477698032714702855950425498693505708=121417685741299223473701405518684331033966387328342383951211713291008773345407
39447294453480927919256054280756177335468962746984+442669391234249955097244918437253048779967598699022316220152736559550581304742=442669391234249955097244918476700343233448526618278370500908913895019544051726
81562272252979763687979066812844561058788481597027+129431542991793011282052632310215467356876697510319527703785574932944340931962=129431542991793011282052632391777739609856461198298594516630135991732822528989
40368409076171443646177996103586645348683839429808+150786956922122794081728867511163842612208110046717987348630930331412392108863=150786956922122794081728867551532251688379553692895983452217575680096231538671
19674615891551282424889378124231981587963391022233+805203978979168626120764935735904649031269026497764018688040794660766619744350=805203978979168626120764935755579264922820308922653396812272776248730010766583
63853365891145560492445708476382916415954716038308+532950289819575299772437602756524776355436522105180221160202008414189457317180=532950289819575299772437602820378142246582082597625929636584924830144173355488
48622399651738023999800503324612747899042495198124+125741112679207473886617639558428027231594525087155209188318837973466136161418=125741112679207473886617639607050426883332549086955712512931585872508631359542
71957754334155930237016879483273847487264310815594+242210894733201751820664378579071553752930006472601198181354580440314369941432=242210894733201751820664378651029308087085936709618077664628427927578680757026
20286267452171942034813562347792777124801085760714+668203938842195520138032112903521597936410535300701007699247568089901930996667=668203938842195520138032112923807865388582477335514570047040345214703016757381
91331585664522454705458643564433825529151948180688+919347084270655200134515051111104606513895191457912894124813313505546163500464=919347084270655200134515051202436192178417646163371537689247139034698111681152
50861198494283549845028570683726297997930328813499+368549399802347608661379788579332834207627077726903166246946888230619768003907=368549399802347608661379788630194032701910627571931736930673186228550096817406
