1165539432499756275749420374283010170508628217736+9867345545928007144302111062493919386451287862455858832214855151338=9867345545928007145467650494993675662200708236738869002723483369074
6470739094485964687348510042505908013321111827551+5065355628597410222035579298570148912312104733556291719256642917222=5065355628597410228506318393056113599660614776062199732577754744773
4912702834434535585052256519711841574200759166240+3458548877249178111926388604824103541769165796340849664824512515515=3458548877249178116839091439258639126821422316052691239025271681755
9891489375871747361825713945888831993396429169002+9483370635678710002173428704761621024794483147972254001392475871952=9483370635678710012064918080633368386620197093861085994788905040954
5441174201039875959075516254055790816273420725516+7720168750721718891363158258476062903860576461942194586639012275370=7720168750721718896804332459515938862936092715997985402912433000886
3271296730740444979927455245433858830412379143431+6526485205788691628741651411340934503696167942726335784298691548206=6526485205788691632012948142081379483623623188160194614711070691637
6024199230034707849514796782125524091591745039287+8901836574048636528185107158294330501627925010476984732106436580577=8901836574048636534209306388329038351142721792602508823698181619864
8000932871360523911860615953540283349500398588381+5165036714388602982836966646991819253210524163860806771900250300696=5165036714388602990837899518352343165071140117401090121400648889077
4687632261406762529484310300643986967277079916087+6462514816443796008394051672463981735102230315914575786304511263336=6462514816443796013081683933870744264586540616558562753581591179423
8628696630243621367807467501414709814334631609733+7149590893714800248110826617103596568400479335894023013018980353416=7149590893714800256739523247347217936207946837308732827353611963149
9190887651092217504427077530328870814965267060010+7653371823016358569484553031481681821906072981161841794036115076676=7653371823016358578675440682573899326333150511490712609001382136686
3131427921915154245069461203036571782963881581075+1363269063257599084121920041111057237348016444139680244341337241713=1363269063257599087253347963026211482417477647176252027305218822788
3406054020066640387029119303605372236362740279677+8699596242449914304747456764801799295606161242793942227076354941722=8699596242449914308153510784868439682635280546399314463439095221399
5862873679477423569615730887325462383413084144889+1285850565452956121604266161210101240503830131486374415614345391447=1285850565452956127467139840687524810119561018811836799027429536336
4519393175750694195587119418864069484632806457685+1948139274818175046905863506151402781083417143189496970855054881149=1948139274818175051425256681902096976670536562053566455487861338834
3915143520037556100777777520425256975082667839248+5425323960482493279809618507056198672253046298083494150001534891059=5425323960482493283724762027093754773030823818508751125084202730307
3340771460097387786347110009067445553681126697694+3889188589711391764041224860966359767062122217860488178307949049799=3889188589711391767381996321063747553409232226927933731989075747493
2565491620520467436315152119600256387093438939675+2832513061615467713488475242679338203459794094808162111884075749890=2832513061615467716053966863199805639774946214408418498977514689565
3497973026269799771994004903108714957712696410530+8383813323753282867620096915709112587230645313405429073660033779368=8383813323753282871118069941978912359224650216514144031372730189898
1002869536183145648484078025672738635372989720128+7384813184769014364422455239630329724100179489629295075414151803153=7384813184769014365425324775813475372584257515302033710787141523281
4727591567037631317830278799139388442125874954641+2647347150062515646958160296791229183702507826823264769858347958409=2647347150062515651685751863828860501532786625962653211984222913050
6476725250868407298249327384241254199283053670986+6747983412944292519951127200642042558694796245904830530268123995510=6747983412944292526427852451510449856944123630146084729551177666496
4429299016842925624529530824646692657465662675115+9107261343667431497434440014942104402072381042052887988055930181726=9107261343667431501863739031785030026601911866699580645521592856841
4826579726786551209979790552828415483647205649248+2503548111188395689520389334405086323861622108426004795998828899721=2503548111188395694346969061191637533841412661254420279646034548969
4871662289828728400380257017904746573973187472175+6522436716822767530063487659937532385067352362651952233969838548156=6522436716822767534935149949766260785447609380556698807943026020331
3297225322427419236449496000693491022457666884747+7365006717000682633559330393436460956766672531580784142769030407227=7365006717000682636856555715863880193216168532274275165226697291974
1497136197808534557773037747286358596968957654595+3010855848759212528584312833346576154805474559587406044181848117382=3010855848759212530081449031155110712578512306873764641150805771977
7910145485268934416096225294053756027574668876157+5323787024559620138782413991777731736131522253527977181388763062138=5323787024559620146692559477046666152227747547581733208963431938295
1780261664827012157283581217043834175670100920391+6065208882133161722489331116364913997040957130961589316469198827259=6065208882133161724269592781191926154324538348005423492139299747650
2367328582971460388121077193212492658155681661520+3207538283220929601020216261256738212133887106925086467555515869161=3207538283220929603387544844228198600254964300137579125711197530681
6980346265710301936588935752559365437428014422123+3777238786785375967317853370153895622808555102479079993147867184365=3777238786785375974298199635864197559397490855038445430575881606488
8836137781971329196667769782461972159688443326901+1362566951271992860289762301797367071274480451495245225829638495832=1362566951271992869125900083768696267942250233957217385518081822733
9141451275295813307188430184077413370942097980839+4195647409638961965475198988169273808692825827899666943382762269416=4195647409638961974616650263465087115881256011977080314324860250255
7478158141311857104149825641008224746822247252745+5394270271194390858458987825244256446780267013491219447310826359123=5394270271194390865937145966556113550930092654499444194133073611868
2616585831222098045203762635572780160547128294881+9033166091198938850358964958535425975950805637469328840362135233320=9033166091198938852975550789757524021154568273042109000909263528201
1835519609582907573815949505653841453275276678186+3930497647064458689086180044508685353041996336968820717394886758488=3930497647064458690921699654091592926857945842622662170670163436674
2677636142083450074988257319318839661398644955047+4728504992907209115834848164653338326141059868651819267562396518302=4728504992907209118512484306736788401129317187970658928961041473349
8025535364276651074666090048443157691256227032810+9837851194643076591177955704857197582212437246589771142327989516828=9837851194643076599203491069133848656878527295032928833584216549638
8220929297770961471194815345306848705234888160865+9894802591007758939906777225816340569427218810020459342395406383950=9894802591007758948127706523587302040622034155327308047630294544815
7983539973636319450808249951092538167806364980454+5769476835633035618975306140898484316702397968680515505139110362190=5769476835633035626958846114534803767510647919773053672945475342644
9890359916034320695115946691139131741171407798118+1292835367391614984334205459401369867927265817386592068369574658732=1292835367391614994224565375435690563043212508525723809540982456850
5277036985191249824300664156640969876225403958946+9878445036244100374567950149792069812179959440299618719712808179186=9878445036244100379844987134983319636480623596940588595938212138132
7175698502078557353868734107411152967251376756344+6351194339123266849719720782656033016804639507611596746192675748004=6351194339123266856895419284734590370673373615022749713444052504348
9659670089362716101263574510289077838826771049119+2173653502537161015458106911150585708731859647348353981031171290931=2173653502537161025117777000513301809995434157637431819857942340050
4987044338862823098459317317038747357459217254921+9334584299428029470294086815186475736842345450481884818847765375748=9334584299428029475281131154049298835301662767520632176306982630669
6748292678447733304779677245938978513415943531755+1715341378087496067516898394971507439659718368339692144904146285964=1715341378087496074265191073419240744439395614278670658320089817719
4475770122270371250268294254011706050362006018194+8835679491269747274509976666055218411040046012532018624519914084398=8835679491269747278985746788325589661308340266543724674881920102592
3881513118208292530701123547780291118622261752291+3874417152947782972786912185255148225599557137556864780622836217236=3874417152947782976668425303463440756300680685337155899245097969527
3150866512628500395661610503534635406534651103794+4444132914733517371212060313501263542247790947599541092241934671054=4444132914733517374362926826129763937909401451134176498776585774848
7646790500968221151838066014835839631484848712673+2176069152901076819563228699484990859881975719458575316045249884936=2176069152901076827210019200453212011720041734294414947530098597609
6276413206528837153006861585226498583379603897643+3413440642240567228671797534657615000061986637774366633935674584931=3413440642240567234948210741186452153068848223000865217315278482574
3501435221032593256770811728893995009897503791719+5783031259293754191050012039123789099276750266159048830362723495936=5783031259293754194551447260156382356047561995053043840260227287655
2792831853695610839452729109814818006304787905934+8233207367100082282374690494523946149485005574865842318669341776930=8233207367100082285167522348219556988937734684680660324974129682864
9392520114064229113595127977014262079517138244187+3522196620804302000495494604765159525386324232441324298177008150943=3522196620804302009888014718829388638981452209455586377694146395130
3454996126989291995194168900958170977977106062562+3438063299375027512039844967808502404343920079049993688630764204839=3438063299375027515494841094797794399538088980008164666607870267401
8890442875546939807625449180259542974970543186744+7023576280311179480391563129469788098362650244140759172656355959974=7023576280311179489282006005016727905988099424400302147626899146718
5620728705317061962340459053657173495146972886517+8225043555202844305139204389089542315151217292308804380003438415458=8225043555202844310759933094406604277491676345965977875150411301975
4591681713475760673646068835468129639976326883496+2474441853190784165891669674508190207204005941182140981968390886592=2474441853190784170483351387983950880850074776650270621944717770088
8541026733261119538806727832138158690173277819161+7866350651511111047064742286910985656062242390340208367558085918935=7866350651511111055605769020172105194868970222478367057731363738096
8881140763356351626719360058350367691407621937197+4609123926834068032299748869812039308342557069714038178807336955523=4609123926834068041180889633168390935061917128064405870214958892720
9902809339833559243220313426119467882164789558608+4504950956851745603234452944445876702019915260762766249501651122812=4504950956851745613137262284279435945240228686882234131666440681420
8825064187207891375800190374190882517581314011435+5468086546432684556588522999591961153812279508742656098648324948653=5468086546432684565413587186799852529612469882933538616229638960088
5004660311870079974969185840501312500690396953085+6931085198124330716816955733820369404292215854068903978292248853423=6931085198124330721821616045690449379261401694570216478982645806508
1820607827770426741630265478868126848614640417216+4240920574657165856942242095203199505866477422091324271054257440399=4240920574657165858762849922973626247496742900959451119668897857615
7558798510320301246576062577260158960889316456889+6740161741129314512946643174751560123546133261005038049018583900338=6740161741129314520505441685071861370122195838265197009907900357227
7569644560913134435222865455826770408813408188514+2915271232734143541697535865936332744532676269822184246374192567696=2915271232734143549267180426849467179755541725648954655187600756210
4409347411719414553556228555270201759795935065450+6428295992625627808443668201883207290627514599133466546536720743987=6428295992625627812853015613602621844183743154403668306332655809437
4149322063817515300525356788968481638744793357494+8032935134225684403814468314006508159987038989988447845981402667320=8032935134225684407963790377824023460512395778956929484726196024814
4979534671275426213931272998150777660494173084521+3068506129638438356807426047463017176141084468265139994713638515675=3068506129638438361786960718738443390072357466415917655207811600196
2781149639579794200067173792712102796082420381745+7336323652260876817078165729686995884079550511471238605145510719103=7336323652260876819859315369266790084146724304183341401227931100848
5876952387451110721709216725025174239376182660385+9265750235807581880310593761863807693398089658534601938423686399883=9265750235807581886187546149314918415107306383559776177799869060268
8247093901542415547974840366756765391161623912557+9199686178826280010287504023734657750982648787516295282306266681548=9199686178826280018534597925277073298957489154273060673467890594105
5355397902264355330454149260438964851687180924521+8210684228370924220547321763622920174692249127798061341443222389531=8210684228370924225902719665887275505146398388237026193130403314052
6003792219328790069538764076950151911931053109679+1159028086380335753965966094956867298460365822193121543165101535089=1159028086380335759969758314285657367999129899143273455096154644768
4796836728966111905695246467197771059866735175584+7035239054058535985602784367950038538386568032243050958648929934653=7035239054058535990399621096916150444081814499440822018515665110237
6341186316054275597338864304622762243701981938307+6266666832294436434950045097711753360522510110335321312135216549523=6266666832294436441291231413766028957861374414958083555837198487830
7912540875746978297046419848571719082813689131117+1820007087521405480617268998183022166730278041349355821908857902982=1820007087521405488529809873930000463776697889921074904722547034099
8808894253573480580573223822292458016942178516987+7599437272021364289704220011061343385278990606877809882302045568290=7599437272021364298513114264634823965852214429170267899244224085277
5713461747714179126729465749903267999745891567467+3231055646725293181289503787777102396983412787862611808304874920801=3231055646725293187002965535491281523712878537765879808050766488268
7489725725291462955513914964658797762462555891445+5053674114904247459434460712817130916923100090777552169205716828857=5053674114904247466924186438108593872437015055436349931668272720302
8131985218267089774062544662157657231960059419974+6142102133817470054675248329822975079302806044307634270327912935830=6142102133817470062807233548090064853365350706465291502287972355804
7322163173239382700513042265991681336163099077073+4733772995750230324953197279651951554895222886788920270803807030935=4733772995750230332275360452891334255408265152780601606966906108008
8783073664514494678974408145856899261671995914071+7403225198796733622282630593244664460994912760060787872506045382585=7403225198796733631065704257759159139969320905917687134178041296656
2933486197152256260871644561151266419580608859452+8023253181003886532019508514092535826567299024266569875315492609472=8023253181003886534952994711244792087438943585417836294896101468924
2789195859090448257574695906810537118352357786159+3045332061446991476717734506187548293433172990611227442271358488321=3045332061446991479506930365277996551007868897421764560623716274480
5240545265222692049201126740814465919705092615077+3684627302396695275973773279265712968560750753930201653527250906078=3684627302396695281214318544488405017761877494744667573232343521155
1021682242842367404831116020841403045908395147943+9435821302183960221886396299862777476107031328257953285354281100407=9435821302183960222908078542705144880938147349099356331262676248350
4933855140291790437709248589749578803216019259013+3693272297973388383376286465199212080782322710225582476452080655279=3693272297973388388310141605491002518491571299975161279668099914292
4337879846145233773400890956443113689166795996715+1516856487868556757158634994807913169411366171389193288655805337243=1516856487868556761496514840953146942812257127832306977822601333958
3763187065530872948630283441285860171107185248143+6773148653171698290695856672134322894259426603277263849461608285103=6773148653171698294459043737665195842889710044563124020568793533246
1646113187317174793372420085601190049147244837329+5342049791248902254232231386362561497147723916003423450894757198515=5342049791248902255878344573679736290520144001604613500042002035844
4250588053240069084250562358699455081916382279050+9029618902797901751526889943207310655757837612949483840290846828541=9029618902797901755777477996447379740008399971648938922207229107591
8330978224519026467888842906908496807574065623986+6023590765577420514122822082261907271442832866324855350626004129814=6023590765577420522453800306780933739331675773233352158200069753800
7418518816062676310534444370572255571689497771598+1994974066019041253503276665257598232495127185684687154653137861809=1994974066019041260921795481320274543029571556256942726342635633407
5159947077822883208662053010612445548341766838429+6132051774635024755667828705663762595935130950997450464692602037694=6132051774635024760827775783486645804597183961609896013034368876123
8107438419003670564413645528537292553410172753409+6044107102588951404933451822127659039478312415022236632644943270171=6044107102588951413040890241131329603891957943559529186055116023580
2573355430769997465365344663296582427265611397255+4033094611788136175292710658576986500619373748471532201263378443893=4033094611788136177866066089346983965984718411768114628528989841148
4868507947184525089887434532476743404632565470364+6707640529282459661838447484090072967063981721207638097047733643711=6707640529282459666706955431274598056951416253684381501680299114075
1632984363577408054959387197872442082982189696800+5529432403191371707290285669358736871014267954680012854438731809563=5529432403191371708923270032936144925973655152552454937420921506363
9786965074293349218451465029291544540354427133436+4158070446361910695139061021574826720958461914404932574132533798854=4158070446361910704926026095868175939409926943696477114486960932290
