11551006818543296590148383013587127716527141969730+176470411315831708890484869423142402094325=11551006995013707905980091904071997139669544064055
41168260013672314718503917002433783981579094048601+223091897274030146465152499830610279860587=41168260236764211992534063467586283812189373909188
87827043630597008766506072304435354863859252181981+223738369931437814160057311333399566586669=87827043854335378697943886464492666197258818768650
56968166409095184437372009723544482817457858716442+257596378483509195218753675127113883390728=56968166666691562920881204942298157944571742107170
82956802695253087560350416967549148709383422335320+754210681176878950445525353355747797282375=82956803449463768737229367413074502065131219617695
94839883912545317170731729459587612003214810275478+801858945904450266400105786005489132105971=94839884714404263075181995859693398008703942381449
91723938281457600895256505508238580577106259638360+662660408830354651447928071837392707392794=91723938944118009725611156956166652414498967031154
84665842026717335848604668421333273873983268617963+236733370642596537531372608916821779635413=84665842263450706491201205952705882790805048253376
71219692888767854427420783189638572402797994621938+814924241604434809213905286454663518645642=71219693703692096031855592403543858857461513267580
35314643785346220502066774138633941573010281786955+385927997640969902430367972958384281278849=35314644171274218143036676569001914531394563065804
19468640531181995507838132756905086327738622114789+148584592454194872594483970782041012357495=19468640679766587962033005351389057109779634472284
92267667210439290856040711946684002928718920812865+150111489449601227616204552259862439196627=92267667360550780305641939562888555188581360009492
12906095604047146490034512790861492963266752722832+560716041916278332256339922853337892290745=12906096164763188406312845047201415816604645013577
69767317551743279769180740907262237873789469812389+305000621254520422103648814407993083581653=69767317856743901023701163010911052281782553394042
35622885398849872991238154688526028304392006315872+444504817985713205789611012171458455371473=35622885843354690976951360478137040475850461687345
71037240195709750204298560058788340766000371113620+370454841494759090406641011446600665336874=71037240566164591699057650465429352212601036450494
85333576502732175635174137544210389970818020069231+692474558140923540042370279515426929186638=85333577195206733776097677586580669486244949255869
90118659369547681050337506555226890308160425284444+377199576207198449199006603251244043950315=90118659746747257257535955754233493559404469234759
55984840866779239837538083304807811548514398155558+902963653730909636489591403303148458898274=55984841769742893568447719794399214851662857053832
56658487593366435516738333795974861649887846209101+398495215258600920311864047142684843369285=56658487991861650775339254107838908792572689578386
59647851665892345717050584904210988053067154445179+611157466957033702967186794985530580076944=59647852277049812674084287871397783038597734522123
72347877195965731547815780472471663595875547815678+630362330748502290529545979810893889419787=72347877826328062296318071002017643406769437235465
39714064589839217104402227636697093492447069125648+506466109394618111294731721068870368830965=39714065096305326499020338931428814561317437956613
40582089939686529145157570299326063758281319198042+506470417670184649324968182650554643995756=40582090446156946815342219624294246408835963193798
40084170846815682191157161871403750290844375903856+573164874381009380056216024666659899313723=40084171419980556572166541927619774957504275217579
28358655294574110902318502210989216294868187705885+410032443684399668094463459741095373027993=28358655704606554586718170305452676035963560733878
60820993393714757039152439888560214975522159795530+103040563014526213508391773590109690293595=60820993496755320053678653396951988565631850089125
88890735073189923872252298674651381915408021659916+141290144442963798578142045523766961138154=88890735214480068315216097252793427439174982798070
38845746361445021762968163508950219225610289440454+410200512459617698247363221762733819025471=38845746771645534222585861756313440988344108465925
18437065537984158784967138733579507646004042148773+415188177374158917558784304027433588299933=18437065953172336159126056292363811673437630448706
11592316672232516872619544719126009827864347669996+110660759850365285158241601842376838396438=11592316782893276722984829877367611670241186066434
46746664023537862571886214809964869171337641758102+110998192313078298358205019253535426978037=46746664134536054884964513168169888424873068736139
86902849546249453375807147496130217458430285092346+495375897175818479290321581223538384041492=86902850041625350551625626786451798681968669133838
78027810400185275269298675981515198744462747652030+982167938734274995391779803331375722822915=78027811382353214003573671373295002075838470474945
68843383086329620309205373433194075211620407386730+622757141656631555143664186849455694004641=68843383709086761965836928576858262061076101391371
33047535532708334274848794487584675179224679519087+793139772132684256218745623463924630349617=33047536325848106407533050706330298643149309868704
16627936039520048918655408897725660702837313478019+354197917133468678620571624016653017368324=16627936393717966052124087518297284719490330846343
35177543614206853057298413865222362533727320461715+257132162422745308219917207214510413471820=35177543871339015480043722085139569748237733933535
55314967709307948367677332757826443526261946975999+178997231542780543570243438740856847398297=55314967888305179910457876328069882267118794374296
39410949880681352105328630937476233616866380988314+410203426008157590113891307307267100380322=39410950290884778113486221051367540924133481368636
94033175910554416085003466813779726797065954472729+248790233663650112443401091327792648753726=94033176159344649748653579257180818124858603226455
78884661893455257828178518533242032837221062734734+583008370287054432641005423610797731441467=78884662476463628115232951174247456448018794176201
67145443708915744556851403395103060013499608888268+488106347587211996195876848264253577445652=67145444197022092144063399590979908277753186333920
89200804892095026878693268835935369671344954121381+492198402822049067078966109288216323602928=89200805384293429700742335914901478959561277724309
45716226462661807590936869866804643178603289110192+541640555962827856933752327733959236687772=45716227004302363553764726800556970912562525797964
50336920103879839437486516961624597935637614761678+265234839347364589691595726014952017108706=50336920369114678784851106653220323950589631870384
98653985272607060712432951135886987767364321722423+114078347011557477606214819083711630909179=98653985386685407723990428742101806851075952631602
11734975147354454496808211537144853888690935347680+443276063246492517679954366345120824687034=11734975590630517743300729217099220233811760034714
51492961673040830496222731859163609973641702206881+350453639580488982613934971773123603519197=51492962023494470076711714473098581746765305726078
57153901113804686203812849801651281017932971272120+125658355853041623298059694948583963621240=57153901239463042056854473099710975966516934893360
83003999117675854096946443878850562913949829898340+723132136918622332408349931469554918473201=83003999840807991015568776287200494383504748371541
83565170091362462284690689056782388689581156813779+795598555494134439188123290837791956712716=83565170886961017778825128244905679527373113526495
99300974145881246006308831245079134717291171941594+419906898682832332361310878378233808179305=99300974565788144689141163606390013095524980120899
77249965976962325212523920603596373229782753521114+519150896167093250280975513214411973979483=77249966496113221379617170884571886444194727500597
54315907241920535774196773128362497847922464802721+331012802198001103831993194042563566755848=54315907572933337972197876960355691890486031558569
52780808826488565556625324723774869777723613902876+442037875008818021523520593666788132061685=52780809268526440565443346247295463444511745964561
20611996940293228538550117133202869669525865613240+132136397331235513514665514716254341051546=20611997072429625869785630647868384385780206664786
54516131361468527484078044147658634784299700681985+725920993387046215728537160548752611668381=54516132087389520871124259876195795333052312350366
71269001618676794447772260142306316370423603431035+477207643678674351203699858226667549355803=71269002095884438126446611346006174597091152786838
59189717431830814169091385940655968411741515175287+136327615565849209810624170086865802286408=59189717568158429734940595751280138498607317461695
15389048939574355402279248909055503059754749041727+264536204774190221762039750238710645071496=15389049204110560176469470671095253298465394113223
65458324168181437308460489951427781478046633574822+143840121907922766920131176424577390569431=65458324312021559216383256871558957902624024144253
36061422664921950217627443875906757748670574231303+804446182558373884271581245858953331582438=36061423469368132776001328147488003607623905813741
97545453637102207844447736931270924554641330687097+432915943954039143722237863564465254994629=97545454070018151798486880653508788119106585681726
86736374794998688542648473608388425562392075749796+410644322472627488174503019620836855551593=86736375205643011015275961782891445183228931301389
92454268290667957107706532508643633780407813349853+169984735378778484796741622584042405264800=92454268460652692486485017305385256364450218614653
95278929818393180037930447661225674713094663352408+612280379192671615396778149081497767841290=95278930430673559230602063058003823794592431193698
79794416658449950312910739184838838175000959637162+244901639682402064852286429160610367420513=79794416903351589995312804037125267335611327057675
48905644858600247629008136216954676608859074254643+754793970697184801956025032074719724896879=48905645613394218326192938172979708683578799151522
98358194924749312441311642999248748341276647862351+671790375956154000821760980099909544861676=98358195596539688397465643821009728441186192724027
57928276009266369261184708440102069559502722578732+503850559445186642260179061144851231169244=57928276513116928706371350700281130704353953747976
56360888976321701797093573515041769094330830133299+833378180116063158559829549946699800805552=56360889809699881913156732074871319041030630938851
35275640427604549773727201493223827616180844415969+220347005086550489787621246637884050758217=35275640647951554860277691280845074254064895174186
90636660641682292616952609645037095642701709034042+445323264465860433027860022856831159150243=90636661087005557082813042672897118499532868184285
48108343258701237678875831910496559744601511676443+729497770594686479717056166141147956068584=48108343988199008273562311627552725885749467745027
64215208953895136383640946370452592739649205671613+890743879900379205765946489027853072552996=64215209844639016284020152136399081767502278224609
19038707085005907091786218265927447995572251056858+897136676155570722219533502246798728003673=19038707982142583247356940485460950242370979060531
10306028270998347215215390899272640071408987853586+471839876770733273955287642538687283985185=10306028742838223985948664854560282610096271838771
65591543943138651825906706114573382061892791309606+700304885514755675985479297931619779177147=65591544643443537340662382100052679993512570486753
19733224695207241411014980713886518717222251465981+474343685235165366901613120696333187798026=19733225169550926646180347615499639413555439264007
19590209574320416388203126225321134250150874910293+415373401298579638184037096688354730728461=19590209989693817686782764409358230938505605638754
36319739253912495971800776849442920992711696965514+216520610683447193877394392371532540905939=36319739470433106655247970726837313364244237871453
21834564011165859019598157651485211701524948745601+723349295479585429661973375924773995693880=21834564734515154499183587313458587626298944439481
10012423838658724503171235875373997372950884940349+886066541314066965674565375847225617126873=10012424724725265817238201549939373220176502067222
20133327993880531186606811216219709457029103719757+822374736643031166320060442015296786919768=20133328816255267829637977536280151472325890639525
54761083638209388863186088124291403886347082793758+940537091279109390082875074006541251708613=54761084578746480142295478207166477892888334502371
24072961683606603174387811377326589607353027119144+614364561316891087455549654875389035273325=24072962297971164491278898832876244482742062392469
67918668594370568089581618751253052866885104097270+181073960235399804708064231260009921385545=67918668775444528324981423459317284126895025482815
69803959518647816997298599290695144600699733146285+531821755107268786271599809711796324569609=69803960050469572104567385562294954312496057715894
68430608256107358642883230628700597534027342532533+812964889925884941154244807687422090967990=68430609069072248568768171782945405221449433500523
93088779757198326354093932776622447586530984087751+395317181763745943902802456921219874687605=93088780152515508117839876679424904507750858775356
63642020886070217091231543393094809733266992548621+108997737937110109578517629168304933573341=63642020995067955028341652971612438901571926121962
54935129126236686325179216325050135613628250956885+369645072545364566639896764984379301567053=54935129495881758870543782964946900598007552523938
74642589804434019784481368263992908075753010371085+554718931304008593669446160788387564198444=74642590359152951088489961933439068864140574569529
40595591046113994183349734729810863142278747802908+393277666049714694283388091228071389807845=40595591439391660233064429013198954370350137610753
52129308344155545952465163767032393126769969300006+462559467326249698592144032924900014736572=52129308806715013278714862359176426051669984036578
61232390932661691017003646306620115751640739702703+378223915020851647298858995758077865387078=61232391310885606037855293605479111509718605089781
74298318008285197825585142873742128900603451149346+377995221904881672426405792501789906276731=74298318386280419730466815300147921402393357426077
20272815919115952497690902751341359736848314950462+488442212292334722858792068516382150212598=20272816407558164790025625610133428253230465163060
25866054215424252209399589602502074558036278562138+233591635953987069256635451929773315920844=25866054449015888163386658859137526487809594482982
