11685784057038052330388492667626271217272217167719543969091931769566061102928157647567277396378029+67651210=11685784057038052330388492667626271217272217167719543969091931769566061102928157647567277464029239
84796860064577023000746282969035515345605266857142130743230542982646335889466979444427015106347290+55719651=84796860064577023000746282969035515345605266857142130743230542982646335889466979444427015162066941
33087620487062285211713380704359960026872281015396734537015960028792376731499633216391750050806671+49594205=33087620487062285211713380704359960026872281015396734537015960028792376731499633216391750100400876
81701149197814620293680454717455130628959614013667313070343875962486126084087349775017354297031985+86542057=81701149197814620293680454717455130628959614013667313070343875962486126084087349775017354383574042
89605341730958286200087300919006148506677988610637302114760289473422340790434861888852371568479005+29872068=89605341730958286200087300919006148506677988610637302114760289473422340790434861888852371598351073
51182548087449569249569193029600032513374358161230778076433294005979938362972569547815159066902520+77629878=51182548087449569249569193029600032513374358161230778076433294005979938362972569547815159144532398
90801903329716513330891968168226964871601706317354758867838836423825498307061610592457733838430144+28463811=90801903329716513330891968168226964871601706317354758867838836423825498307061610592457733866893955
75209902934068829511353766244930264221428527669508430833761176476820622202594079899862955973166311+93069170=75209902934068829511353766244930264221428527669508430833761176476820622202594079899862956066235481
91740903065842321285552480815084447420744806106481867291665021745565064928298399641248744784735151+57959376=91740903065842321285552480815084447420744806106481867291665021745565064928298399641248744842694527
34602361756548932126905105947507895101652257927648598943988506845100000473214373776050446058947871+84836644=34602361756548932126905105947507895101652257927648598943988506845100000473214373776050446143784515
30447283220114195291324308530552165333367044987885122140188208145210816464352568771071320093856950+88825226=30447283220114195291324308530552165333367044987885122140188208145210816464352568771071320182682176
54675153885434393921445020615855527809120702668099807333502075782068422546125069044916324823502157+61907814=54675153885434393921445020615855527809120702668099807333502075782068422546125069044916324885409971
72202310339831692783103633792337773109180595023984105080373408888733493350888861853558350369364285+59516142=72202310339831692783103633792337773109180595023984105080373408888733493350888861853558350428880427
36915378464784290896904260828768770831969344674129996195185222613451198532618645654412496182173783+84396045=36915378464784290896904260828768770831969344674129996195185222613451198532618645654412496266569828
19829737322120343078140185359338658484994018764577430718150001565643918573670563291951847547079002+11255798=19829737322120343078140185359338658484994018764577430718150001565643918573670563291951847558334800
55538751743417111333207627448838041950479525219887356776793773588238571898661333285898163768850340+57527653=55538751743417111333207627448838041950479525219887356776793773588238571898661333285898163826377993
90035018491545035890279381062663918963573639390563423558305136956513667150853437084079347470270088+71021976=90035018491545035890279381062663918963573639390563423558305136956513667150853437084079347541292064
76303746862356381625381082661234679874348080587694524748900429872226651200413363547890390397594467+49872358=76303746862356381625381082661234679874348080587694524748900429872226651200413363547890390447466825
88210743343403846083007845831227543468088884621821188517506800411710401984171965169387919799662213+43861262=88210743343403846083007845831227543468088884621821188517506800411710401984171965169387919843523475
33960611707133111319840237245368094954564549211842262287498661746328943313672479054409952350239873+43618960=33960611707133111319840237245368094954564549211842262287498661746328943313672479054409952393858833
97711019126456612018378098855285099607665652072350861565212645014706409062832398537074928865541782+93315010=97711019126456612018378098855285099607665652072350861565212645014706409062832398537074928958856792
92338324690991961824914147073775869033011519313253961157139698259839234411920642687085947685655319+33499127=92338324690991961824914147073775869033011519313253961157139698259839234411920642687085947719154446
73715142616032143137866180776208443222857053247400924258036053119424062420572077975147739813426600+30398543=73715142616032143137866180776208443222857053247400924258036053119424062420572077975147739843825143
81579006470892628903911258080886130313682401995520652180680250841270645874589489957665791221299599+76769630=81579006470892628903911258080886130313682401995520652180680250841270645874589489957665791298069229
97822037622625285936716126391704761032604882565580698250091049046378377091119499422519778633971355+93302719=97822037622625285936716126391704761032604882565580698250091049046378377091119499422519778727274074
78959767312542802952609441702011914831261205038131382057377339434027302648614208534504208756724233+30075174=78959767312542802952609441702011914831261205038131382057377339434027302648614208534504208786799407
68872573501400826640389583996350044574819986329393554752538861038976733209948208988837833525138871+23589951=68872573501400826640389583996350044574819986329393554752538861038976733209948208988837833548728822
65762283620352286611805098961219851497073115654844779029903218387224869902103818753287929697408561+62999408=65762283620352286611805098961219851497073115654844779029903218387224869902103818753287929760407969
25305381412591243711302569654270897652050106682436060303958579167278476915427074752180838107603745+96556435=25305381412591243711302569654270897652050106682436060303958579167278476915427074752180838204160180
86125124572456929595534068766431828196006037225942485199414380455240422897050447763384318782235051+44049261=86125124572456929595534068766431828196006037225942485199414380455240422897050447763384318826284312
43614000959204554745144086582381547461831932684547809583492475595091374321869833298645740830353938+35310199=43614000959204554745144086582381547461831932684547809583492475595091374321869833298645740865664137
64023628735814223570694019964765938072675979859307420055910764454561971269718073875964167370612675+29251760=64023628735814223570694019964765938072675979859307420055910764454561971269718073875964167399864435
79055812550797209925793964630308492603205454494922447459382798118342216373470426021860123753526088+79750558=79055812550797209925793964630308492603205454494922447459382798118342216373470426021860123833276646
55835937364282249987244738267184613469357586407645222652454771674238475668877495744259907396514365+18249891=55835937364282249987244738267184613469357586407645222652454771674238475668877495744259907414764256
65796618945504320038782418556121505267770564512464566047061104830200684967972562918188008371957170+66750749=65796618945504320038782418556121505267770564512464566047061104830200684967972562918188008438707919
64323557291890636454912148678657716723518344941313032072943054177168170363208249138255804499252271+74832943=64323557291890636454912148678657716723518344941313032072943054177168170363208249138255804574085214
39874620571404114708130162889561055015458753186674651107754912229973852124032331617644375341837459+51612922=39874620571404114708130162889561055015458753186674651107754912229973852124032331617644375393450381
65558981524249400967160973164959356401888781429923551550303805327636205251012601894059529129124934+42932102=65558981524249400967160973164959356401888781429923551550303805327636205251012601894059529172057036
52806388434625954153758548083083201981694198876271742945481775602945517747794933331300128233613239+14043254=52806388434625954153758548083083201981694198876271742945481775602945517747794933331300128247656493
37733506949438142955891938187500424406711676953671897883891160671664978778472664032983387038474294+94617790=37733506949438142955891938187500424406711676953671897883891160671664978778472664032983387133092084
18024729324190252450705946425417100178450311206630390020022116610688379848856649097075463297947314+74188043=18024729324190252450705946425417100178450311206630390020022116610688379848856649097075463372135357
37594542008115842855238833885662468083855278229630886911919549081120159159460642814778154873767773+12987722=37594542008115842855238833885662468083855278229630886911919549081120159159460642814778154886755495
78071932464362764530015182623978082881967769777916249374811938562130750152320268240376444278910735+75074202=78071932464362764530015182623978082881967769777916249374811938562130750152320268240376444353984937
15870705033493240404564859013730065951770581439623718468513992728013010763094710340551550539798321+95855111=15870705033493240404564859013730065951770581439623718468513992728013010763094710340551550635653432
80630237031344157573452748968390415558758906825370558877452640894582764063641413525538045654665705+98917444=80630237031344157573452748968390415558758906825370558877452640894582764063641413525538045753583149
83089909420680023305888436610974571158240878134962339778145917829753362159358984955005933582535515+19402260=83089909420680023305888436610974571158240878134962339778145917829753362159358984955005933601937775
54122751883929245587451030172276342522034648567636315646623989030883916546458828767734781695772972+70080536=54122751883929245587451030172276342522034648567636315646623989030883916546458828767734781765853508
98582587172842048797957220806971583670953308762687624146217258770868413169643377972717609664626533+71511372=98582587172842048797957220806971583670953308762687624146217258770868413169643377972717609736137905
25716444440184033048377165059287094304949503732197316486918990055580965855545865030659371219262492+73627186=25716444440184033048377165059287094304949503732197316486918990055580965855545865030659371292889678
61498110578478700454618632349813878016493538260691073019611671690198158658382566811534677299304916+41269032=61498110578478700454618632349813878016493538260691073019611671690198158658382566811534677340573948
61759075596682848633608817847863751843324759182867143510902201591092164611924524216230773820457679+65032565=61759075596682848633608817847863751843324759182867143510902201591092164611924524216230773885490244
49077191563384967713960402364524342878574109277792241886882799141365836168408292892644508919716162+66174363=49077191563384967713960402364524342878574109277792241886882799141365836168408292892644508985890525
73744990264234502254762371290891970219419134930148775297323801441870894025185894310202731832441562+87585799=73744990264234502254762371290891970219419134930148775297323801441870894025185894310202731920027361
18956570913669729881728771332562884536697477004423370986254073316328351772075348214371347434456549+79429160=18956570913669729881728771332562884536697477004423370986254073316328351772075348214371347513885709
34411100767125175443469474880184104282976172024489806242814699447389972236893077436056306031565900+70902732=34411100767125175443469474880184104282976172024489806242814699447389972236893077436056306102468632
32791151455895911126813342863543682570656107067534019281693155168458218677768616717740592916890335+76998804=32791151455895911126813342863543682570656107067534019281693155168458218677768616717740592993889139
79151895422250853794036433557654784181785010849306269364119950215669799435910872023340700353070286+71996157=79151895422250853794036433557654784181785010849306269364119950215669799435910872023340700425066443
19769632177621564380290258216031962438415187623539122159472488074400910118249827303939233055927657+35718149=19769632177621564380290258216031962438415187623539122159472488074400910118249827303939233091645806
45009246269396781977405168036834062896228668200699117699767833176953050357570878800072398961301609+54108231=45009246269396781977405168036834062896228668200699117699767833176953050357570878800072399015409840
16556640514678913703654259709898405997371654426727853161700506791250182272977120721995817085844450+46077803=16556640514678913703654259709898405997371654426727853161700506791250182272977120721995817131922253
19912786199969312882514672738244405246609965199170306694129995308342258787885774810070276769581814+68154880=19912786199969312882514672738244405246609965199170306694129995308342258787885774810070276837736694
83391259547328591248863017065426251852209689699338593584612827463268128801670415918318908136567351+25872037=83391259547328591248863017065426251852209689699338593584612827463268128801670415918318908162439388
93267239269909485206397179620046835347095015818079134120853189508386230301468450904315103918422763+87322204=93267239269909485206397179620046835347095015818079134120853189508386230301468450904315104005744967
68006763911186910001959914739989131821413984323449546025791580934251669641796384206048309757404393+11552730=68006763911186910001959914739989131821413984323449546025791580934251669641796384206048309768957123
51531281760431576974050440389998332106176809108790239934280200538029685179518318532730556079417052+37117414=51531281760431576974050440389998332106176809108790239934280200538029685179518318532730556116534466
33856848091467589121791153142409043926970128708417526454154131815847380752723938502236232820134852+97480697=33856848091467589121791153142409043926970128708417526454154131815847380752723938502236232917615549
17529042512749436929863028981345211195592763801693561249948299146306795244223840177595634996778918+67719923=17529042512749436929863028981345211195592763801693561249948299146306795244223840177595635064498841
68901186351366690280671809374592341796417754744279487948386947524252700302108855358153085398377224+10569780=68901186351366690280671809374592341796417754744279487948386947524252700302108855358153085408947004
70466264466942759947700648567436761859509393530820619311438551356390850087740373333647393822346277+81868250=70466264466942759947700648567436761859509393530820619311438551356390850087740373333647393904214527
70147150720977346343304295449119027680184055641362507394837723598063729481369133177240776263583754+93622312=70147150720977346343304295449119027680184055641362507394837723598063729481369133177240776357206066
87354768538746379654046096923285792226716160601039576697715503889214324742285457237174229637254373+64365138=87354768538746379654046096923285792226716160601039576697715503889214324742285457237174229701619511
62367541972935213720979750447687530345760076671616820876318646537263079416199314290736912866796851+93792134=62367541972935213720979750447687530345760076671616820876318646537263079416199314290736912960588985
86206982049592838816162195166455391168430093332749257551563488668035381905945955143117562681786216+73352113=86206982049592838816162195166455391168430093332749257551563488668035381905945955143117562755138329
64095914886850852382612373251850225764210327793124002131105165208589226224158715793412065084529410+29163423=64095914886850852382612373251850225764210327793124002131105165208589226224158715793412065113692833
18169482063559239667998585257056125761836650495049243632154982548955271111357436362035445881899568+33473649=18169482063559239667998585257056125761836650495049243632154982548955271111357436362035445915373217
89871975201528185134342696090647388836977104984686846260398688999249941706293916729451518917280635+25466918=89871975201528185134342696090647388836977104984686846260398688999249941706293916729451518942747553
48961842949890663144600496098551366242024066316081346118875510650300662767526457948151843312740689+42038094=48961842949890663144600496098551366242024066316081346118875510650300662767526457948151843354778783
97317837101533871781507239759879069709517869982794021406448130933232044707323395106188434125336791+44610881=97317837101533871781507239759879069709517869982794021406448130933232044707323395106188434169947672
95011678326214842001189174796280390329743666246922159273699917934554297694884786375937137683998302+71934711=95011678326214842001189174796280390329743666246922159273699917934554297694884786375937137755933013
12932162679110883798318150161903162166339569081656916404675311071252884783395767582633439111892358+17521756=12932162679110883798318150161903162166339569081656916404675311071252884783395767582633439129414114
77932743035196874827227814010467733417144417321740030162580245982213921452112210094625003890790601+18551972=77932743035196874827227814010467733417144417321740030162580245982213921452112210094625003909342573
86355053250636993950735503444543607328548441629417931523238264777564968236058093265698081928498889+98941191=86355053250636993950735503444543607328548441629417931523238264777564968236058093265698082027440080
15891962768688340411431834627270195714913161420162751671608774591314230839619801441805899287758454+34140655=15891962768688340411431834627270195714913161420162751671608774591314230839619801441805899321899109
82020844047199189922044610413594872938714366080310941437531385885488973344876729512768259764660618+16718540=82020844047199189922044610413594872938714366080310941437531385885488973344876729512768259781379158
77378272160400951801879186846596572226876001971405756267234364968042452924819369399328140824822692+30195079=77378272160400951801879186846596572226876001971405756267234364968042452924819369399328140855017771
63713269030701030248494447938276425417834434522033693818579184147564884440509295922529552406328067+81352863=63713269030701030248494447938276425417834434522033693818579184147564884440509295922529552487680930
42300234548282747250824228858864777906222425270194553888909301431301265555476535262116780065055010+90330659=42300234548282747250824228858864777906222425270194553888909301431301265555476535262116780155385669
94708532989208062796495033083027243858557638102585501448037674133076972105901313935281668468672930+53956500=94708532989208062796495033083027243858557638102585501448037674133076972105901313935281668522629430
54261906867444650852577171321227925554415580032214634689761473203448556337601373673101899023827660+64305608=54261906867444650852577171321227925554415580032214634689761473203448556337601373673101899088133268
57242830586336079659709914081905234977448102281131950842231998063254404955871372038708379456579125+37329829=57242830586336079659709914081905234977448102281131950842231998063254404955871372038708379493908954
57069524041224039815416468829993858796819741536063489474768428786586822789368932859019343602342057+21055397=57069524041224039815416468829993858796819741536063489474768428786586822789368932859019343623397454
50566595161046123880294244367767506373958055623256267527417275701681831175460662458035004153932730+99668608=50566595161046123880294244367767506373958055623256267527417275701681831175460662458035004253601338
27553342838780956094606859668197060576809712036358634656803522999046243088350116486144269237347907+23395989=27553342838780956094606859668197060576809712036358634656803522999046243088350116486144269260743896
36403842895059601832021433573084616295667984039538634995217613880812623418717780315096416585212996+52394210=36403842895059601832021433573084616295667984039538634995217613880812623418717780315096416637607206
29074144310410303999517799726940287077610768303375638475555854128679353540545492828446599237241841+67774476=29074144310410303999517799726940287077610768303375638475555854128679353540545492828446599305016317
21322742077812353681466605021084143461961742276988579528802901655737893575618666676954993073984883+80891195=21322742077812353681466605021084143461961742276988579528802901655737893575618666676954993154876078
19423938403509338495381549215478209751127994284824699387697420560556000228867780850187447894379859+91584112=19423938403509338495381549215478209751127994284824699387697420560556000228867780850187447985963971
88669623695141672436579331813835386695735552303139634226772581370491263685649701600218207718769370+37087638=88669623695141672436579331813835386695735552303139634226772581370491263685649701600218207755857008
73764170075186181341797159581823642266508318337958421263405096537042479635960129196092488611988502+36420707=73764170075186181341797159581823642266508318337958421263405096537042479635960129196092488648409209
68733117242738849291378852794970544759695134024756329872139236047162539756121075045482406114901607+46859644=68733117242738849291378852794970544759695134024756329872139236047162539756121075045482406161761251
