117716569394614160781135719583161403044180746052244259185258561+77649291701014739349438270059632730874455664841670779544630421576283435055409122=77649291701014739467154839454246891655591384424832182588811167628527694240667683
951627039944592922556181052671414139234199914135355652251326421+70176582886926463027366100996789815550061044755213693472200528264511162042478029=70176582886926463978993140941382738106242097426627832706400442399866814293804450
349515158730199751450547809643989703079232577525906070553099619+93328902311491429164762823514000946234232146595103884762429016827346917264397114=93328902311491429514277982244200697684779956239093587841661594353252987817496733
806228996788546985348129752407806262946284069165967805389576178+93885071361824435428999083758501205723826727512433393659031001128833105725219153=93885071361824436235228080547048191071956479920239656605315070294800911114795331
315175502685904025628216864809750692283484002470486432952548923+51490802535452772806574658779455277192610562825097758626421358608685795065790802=51490802535452773121750161465359302820827427634848450909905361079172228018339725
395822812270086475669305684698413150023243318657223873221663884+27147773509093390505516357770665395665530108423066605069851860204077973344717481=27147773509093390901339170040751871334835793121479755093095178861301846566381365
866495576897694807198025923246031841762793560137751796955082234+25459522116988328491294205817364417595975638166811800363406192414593969498904034=25459522116988329357789782715059224794001561412843642126199752552345766453986268
263451162695852917797031660032286991346410241278414752366238737+68577324214431556367349865212115536836062541134945504077464888857666584528032637=68577324214431556630801027907968454633094201167232495423875130136081336894271374
110804385249827223222064143978309408051919116181758806935842954+39105233827309078682788037064576274965405113932638476613879098672330465232857953=39105233827309078793592422314403498187469257910947884665798214854089272168700907
286738483726641925405994918515985396449460145591548669772515430+45179850781167237356109783443230840550320276595842473562450326725430982131322219=45179850781167237642848267169872765956315195111827870011910472316979651903837649
522762988550827374663575543563609237847238385825517269096053339+27455749602045018948108418596159831145600254199697821194962222834084128588063054=27455749602045019470871407146987205809175797763307059042200608659601397684116393
889878053008739083699996246058217774456767351391649132713778251+91981436269996735970210601324468128943081057657861053236047534111417665660801918=91981436269996736860088654333207212643077303716078827692814885503066798374580169
200968793368044716745056842411607489825245037563839012753792854+35817364654683619533229018936873792485193263621100168434303129578321538464715285=35817364654683619734197812304918509230250106032707658259548167142160551218508139
453779422388087240796447753253869264598700318578705677625671313+70174871753185743490913154165015226437061047999961345640961964063797474281394413=70174871753185743944692576553102467233508801253830610239662282642503151907065726
347059328743469888057338656149666498716742432545080178644989132+21431052751016216954448895219817666758001219366428929735757174656727681040016553=21431052751016217301508223963287554815339875516095428452499607201807859685005685
839929930641762480352653181849730971000440663174774641074580967+91689429100301887954185772207172967264929815445308896885805509311291912815886618=91689429100301888794115702848935447617582997295039867886246172486066553890467585
519866709013869266311290626243079328427084212434468610210984139+52949135781458891660880711258689207764873864702433362651805088077536019422190267=52949135781458892180747420272558474076164490945512691078889300512004629633174406
117254916398413566275068922148820204429627940109756891867246517+27918647151714666098453085312143616238464961442949924458185293753046423599138168=27918647151714666215708001710557182513533883591770128887813233862803315466384685
962566954122542000030869015137656284979111570984414845600950958+31552071056349341210194715183868083971999619256906301752137195656174502516024535=31552071056349342172761669306410084002868634394562586731248766640589348116975493
783708063792840355096262312747232897470306882156848296823577640+88411545088335914416999024931527414343942490972382830104589529420279627391603099=88411545088335915200707088724367769440204803719615727574896411577127924215180739
880823831456606626817836089052988810597152296972506630224375542+96265651487338613395667957678663751322182993367412161675487708129502161374426619=96265651487338614276491789135270378140019082420400972272640005102008791598802161
576644575648938497063249576422814118188694977226843109782397360+45672545601038077301742511372430039265888581540441257823722489272975188514608178=45672545601038077878387087021368536329138157963255376012417466499818298297005538
878174455825085936993522183194625309777219445388449813035567538+65053851620850193333356446398847287568878108612061889066518500582527802646937009=65053851620850194211530902223933224562400291806687198843737945970977615682504547
840902294748283715138889192603800566255902059864138312827675393+21624867865688965164247913851540112212930460078621761398245065399788688698325915=21624867865688966005150208599823827351819652682422327654147125263927001526001308
563104472566812352919176033527384683250876795898734076971258967+88584398901180889125678315844470619377984150537283187132046966112102431011270202=88584398901180889688782788411282972297160184064667870382923762010836507982529169
546021022536174387521684992058695862337299846187677266247044136+97193368804342761056982635525307060489280601612411227084173247167172621924891072=97193368804342761603003658061481448010965593671107089421473093354849888171935208
193502833481073608328106269318210561255185418720095004311865727+31070067153504015430308394236827030067119669024728400500598362918137031692162460=31070067153504015623811227717900638395225938342938961755783781638232036004028187
105455637987647628413660539118571569712318188499765275961622237+72881929322683136882239439674606947255293404076866606331238146835137307197112348=72881929322683136987695077662254575668953943195438176043556335334902583158734585
853922547089635672256147389571720706958820586123013057978465744+60586393495423617853628311975964149334683461603801073654340882092522842329792399=60586393495423618707550859065599821590830851175521780613161468215535900308258143
830644558271832717348976966713253651148260044806090734709795507+58513282928538479690278278009789080835164584789483754166953397801026908431705927=58513282928538480520922836281621798184141551502737405315213442607117643141501434
264638480134910271039540511645600490042464164602777913844406993+46015539438566843297177094155148282144098745076381752426604714337302835105542247=46015539438566843561815574290058553183639256721982242469068878940080748949949240
212315575996582724043854817492047511507850979765794652109944022+63422964248619677654640962183415175996437750262449283109514887463467681667993004=63422964248619677866956538179997900040292567754496794617365867229262333777937026
665364889764994445858794835146464660297266931582468470810755881+43312512549345807872250431823359298714620452342710998336694317975702945368165151=43312512549345808537615321588353744573415287489175658633961249558171416178921032
394362071424779287162076564745806145267902963119879604067325560+86527543651288842528384604702147521132446380799760791749508767740853885455684930=86527543651288842922746676126926808294522945545566937017411730860733489523010490
741838581122953595268583555795486365333021578251409702308558180+71195020644477855647564376430964043946740147550652577821545859982470000716463212=71195020644477856389402957553917639215323703346138943154567438233879703025021392
317351540211027799211260159251834238236513944178706927587455333+79299101158932880049991237767455889768963952316726129991021768474338289367460347=79299101158932880367342777978483688980224111568560368227535712653045216954915680
129361425281110496366850157679459818345504394982082779439584430+53285827519423772965317092712857792883654635966177897919588213599428289992032821=53285827519423773094678517993968289250504793645637716265092608581511069431617251
304327984527117606930651941958952988955501395993382820023965046+85830018516352435172543018365691084832666394827990822763475176398962225489980427=85830018516352435476871002892808691763318336786943811718976572392345045513945473
608049513417987326807109287073904482760076317571608004071860719+31834817077637454274798741096077498826666429592184855123753373714666468648028600=31834817077637454882848254514064825633775716666089337883829691286274472719889319
553508391181476925098136038230651707608459550302075631669959051+98209179719270109022269097593987618936429608514422420931729382567190711433596016=98209179719270109575777488775464544034565646745074128540188932869266343103555067
372874569763190828757439090836849930812172187625425976729370220+35277857730461971619756295970064069510682344652477426430150413830461373530308284=35277857730461971992630865733254898268121435489327357242322601455887350259678504
899181902452578825540133306509309226433216606159061204906341227+32688055985794128326051935974427623644144779857630987162757521552491421252037112=32688055985794129225233838427006449184278086366940213595974127711552626158378339
130955188966081014165219214499552727635143145073044470027310810+71162616472509287383133299035812665525721828524284549957260205264738212642833508=71162616472509287514088488001893679690941043023837277592403350337782682670144318
883881998638188651095450971693790362540769716129567203730746745+17128374855518896091554599569498007473932057155993211034264484630481021808978675=17128374855518896975436598207686658569383028849783573575034200760048225539725420
721810154067887143953538304930519703219904596636602213368728370+43143244951856532976905660042206664651458388907392361239677119505013570521903057=43143244951856533698715814110093808604996693837912064459581716141615783890631427
134121806301705955713861240654122326373910016917325697716473448+30614463989948194520583406907873788436852687613594183134720018510023423006135475=30614463989948194654705213209579744150713928267716509508630035427349120722608923
152229934410658642513291623045907891172824287720999174081905292+20283645901942816660290154004562454813735954119577029114026177005955305081010612=20283645901942816812520088415221097327027577165484920286850464726954479162915904
196146735719524391835134648207960285356780021940409803072957870+51548250678730475410598604625723273816720815744518897771405678769984350416321824=51548250678730475606745340345247665651855463952479183128185700710394153489279694
685116714945626927272015559604577679450153758227920441167972173+43178207622921647075505338013757873584369242046520503423208697474856352139942379=43178207622921647760622052959384800856384801651098182873362455702776793307914552
386446429795359775061927876605120518277704175352808846153629757+99007868482806311064687305712753399082855745848597597698773485266179671661701312=99007868482806311451133735508113174144783622453718115976477660618988517815331069
712222238007758407188332814683161649115157449489801829044624792+21759631735228790258612339403680989927832173870360698749545965828147111348576552=21759631735228790970834577411439397116164988553522347864703415317948940393201344
149101205910527204886084449080533996490562389887644204514943204+25218403668149482818127717315671261461425905689480875639023720193434675460332673=25218403668149482967228923226198466347510354770014872129586110081078879975275877
978551611966880012738191805361401864468281586909717416283587679+19467533277522322143127524025769811075690826616575084027816687905936895729479546=19467533277522323121679135992649823813882631977976948496098274815654312013067225
478898439903165177469437590458104398888817982736741262981902003+85680174428657897947390455723267732363834657402789661820113827125611366497092864=85680174428657898426288895626432909833272247860894060708931809862352629478994867
713687108956689174443189322274382826060218209788738326479716529+89702383385818519453262654884598540282310797266714254389710367618296506908491355=89702383385818520166949763841287714725500119541097080449928577407034833388207884
201090914955043476642278051780491470462501163793337026283891332+82619000574839907221650635415513324456726611560848404057752952278019026593772719=82619000574839907422741550370556801099004663341339874520254116071356052877664051
138347316646640277462609873458256265438892895797292058487834125+95757728692582812416068867484707826049478081291222355466979678127407165191842368=95757728692582812554416184131348103512087954749478620905872573924699223679676493
372213991924448292428073399361456452833171869281818579961307625+69366938985382300668059246072692766882969699595240043211684107560946783820325087=69366938985382301040273237997141059311043098956696496044855976842765363781632712
996737423573431328971205033507688015709076568612699354511806624+14708746630398021992349910911115826925746858618602679806433227546044331206975990=14708746630398022989087334484547155896951892126290695515509796158743685718782614
560750714124935262834813416463972585596820614439127437187271861+11882632599369406847947481780724861428983982121705371161209905881795310853618672=11882632599369407408698195905660124263797398585677956758030520320922748040890533
727301782180203750905177789479023582600528899822278281606887608+73052832304360557600079326209470408511940332651793137050103465703412106586431036=73052832304360558327381108389674159417118122130816719650632365525690388193318644
194378905614365821635742552224280580889323891873151024952214562+74755619589593242409264496101972907869288299200758104142462544997048476903780319=74755619589593242603643401716338729505030851425038685031786436870199501855994881
364929730268361238434080666408366457931029740134227369053583344+55675415658488409146721693750663746412332788118371109704475683986381090909747180=55675415658488409511651424019024984846413454526737567635505424120608459963330524
886283149545743235863241482416225693176920754298029579781069538+48629731835051756245236279881254738381839519308210276543871806833917637137199976=48629731835051757131519429426997974245081001724435969720792561131947216918269514
539537241452586006432075970272372916751896795773390577283237495+17521375733045319917014666299539430641584218297023528444295215603859206409457445=17521375733045320456551907752125437073660188569396445196192011377249783692694940
728260215369631833069016509587789029174439799846120071240070572+75861333659429068925876699502066272517101563866530257712755409742755568955460876=75861333659429069654136914871698105586118073454319286887195209588875640195531448
338608871114662872457855263920604585307801821628434391411917562+68314061440557071331491587786681254158610924443199035435646128926786381913969255=68314061440557071670100458901344126616466188363803620743447950555220773325886817
442413726452572837552954564445534159932143407312568718050272258+90536055122154650023160231212051056301932151048741143942710491710508536632581663=90536055122154650465573957664623893854886715494275303874853899023077254682853921
772997815086440529955712539673667013583054908471806935494438200+63148410051434500362609366570897213752543910999234597261837775471509597097359438=63148410051434501135607181657337743708256450672901610844892683943316532591797638
788353330660452778897561262685678288019482246676303354937242055+19998893984575874292313972382379770749766556073125768243992121844461785829675299=19998893984575875080667303042832549647327818758804056263474368520765140766917354
295417867059206588638425965957147675285322971614919639840585545+33557734426890367341382144462819767983048024229796569075643769870930681538936694=33557734426890367636800011522026356621473990186944244360966741485850321379522239
292603143879859210080820064541799936822536068609227868780830785+67349732125901295523403869746173076390474506662953755360487158115502909837566206=67349732125901295816007013626032286471294571204753692183023226724730778618396991
666715077994461569074317652882861741172955629786540336633710789+80069248699942469570761573408708475633340241714270162736365420973998861541056491=80069248699942470237476651403170044707657894597131903909321050760539198174767280
894605897974090211351502247929850256163857292443019208903479427+38540423723402956210482042200466977700778245357469066952741627415898896267106875=38540423723402957105087940174557189052280493287319323116598919858918105170586302
948880923701357265898863928658936087640779106692372988654272648+91545700466723352268092104992540515440199443367890017284643758741329906738011967=91545700466723353216973028693897781339063372026826104925422865433702895392284615
679163991295525870459758055373129255166897625466469980028750054+67983773624114985974577870486744496085279368019419064869432205508379314830932135=67983773624114986653741861782270366545037423392548320036329830974849294859682189
828509900648690623239713783681864789987900491679465142449308276+24298518355290855419095241419898400365244160150912542466654145559093723198145417=24298518355290856247605142068589023604957943832777332454554637238558865647453693
727402782775135334694053609559100615027419538263040326323516964+78398739750278796198034595827851433315644889777855966644007894249435215347606246=78398739750278796925437378602986768009698499336956581671427432512475541671123210
220700994117206526181072725884427347877802176562785141927538745+20458471579617582301008747903889053441818431289385883763941874096223817427647882=20458471579617582521709742021095579622891157173813231641744050659008959355186627
285485884817635387881628986189403629026178495435021439698249654+12606307616231512304148013561636460397639999149227734028282583182811382243209405=12606307616231512589633898379271848279268985338631363054461078617832821941459059
585217332788162772543480708520348165568071295333547546696402986+10291208634416135914324683690192748389651172454641523310773429553351198189625598=10291208634416136499542016478355520933131880974989688878844724886898744886028584
287177326310340984347421088331169790873447124759158710554675706+75982847369610602416926266967971814330456175400463962188690934943042244670226008=75982847369610602704103593278312798677877263731633753062138059702200955224901714
752175855319861363351382017313106459955405548202503410422192778+61727420431888024581677540830724232599271907447236777270516140586556073337934360=61727420431888025333853396150585595950653924760343237225921688789059483760127138
636005447110172364697845128651661137490946897494196709149576465+58501016129679566951895273755583186409016512966361194450504036439920724947092460=58501016129679567587900720865755551106861641618022331941450933934117434096668925
304221542705916473047435647334171248267080063301379706569455604+70298627582041777342373352041999798259424003902660521067487554802550070120652527=70298627582041777646594894747916271306859651236831769334567618103929776690108131
457705524187648825539037842588692914988590538647659346223416849+31196629077940368483089823128552479372896917772490010210600633365245594774393768=31196629077940368940795347316201304911934760361182925199191172012904940997810617
430507212498807478676823508088994622145099185992450211727327963+17122149188815115871127323603292166517784950584256122819890003554642244240722605=17122149188815116301634536102099645194608458673250744964989189547092455968050568
368531242049286475249292832262412478937969213472606835023479623+11345797848976168954512520480622586948633930112534517551218964971758210715724659=11345797848976169323043762529909062197926762374946996489188178444365045739204282
444058264215625421074164568684201544587928475898338222681457148+83368099066692828647861360337366472609200301435874958714454363312279143920310044=83368099066692829091919624552991893683364870120076503302382839210617366601767192
197550847492793751632046925954818283166574663314383637330563933+94117535306150940158003384822417367843838866439588095909523196149491625784246488=94117535306150940355554232315211119475885792394406379076097859463875263114810421
398797727921136341906041470407123311564459862088819245557207758+35810567142615107622658048470259006163376295084717476875154384634806643666494479=35810567142615108021455776391395348069417765491840788439614246723625889223702237
421533261231115679121552702303073964951475103493386268455361601+16915840969055278695499556552980649197714284223955979572316996660393594443311237=16915840969055279117032817784096328319266986527029944523792100153779862898672838
524357576022070602543736019492770640510409814885026846216393433+90456932923739580265532166415883286235372612534616305797885332233262908436837853=90456932923739580789889742437953888779108632027386946308295147118289754653231286
852381272395766630493020636839517489446907040424286785184671355+66686371551028009575434025190126672838865004487370770125942629808613318501594882=66686371551028010427815297585893303331885641326888259572849670232900103686266237
994944078339189453917101968798496314031971396549520236772052032+17475940084594010765106066577071970292787507970925973900032672405970209566022091=17475940084594011760050144916261424209889476769422287932004068955490446338074123
900532037057893663067536664928564013028748215106973618768227617+42046426911183664086275184742447289781550448053810568141703559196437220967250794=42046426911183664986807221800340952849087112982374581170451774303410839735478411
193740876133013690556690187838569287061016972323899670838893023+71198448364877834599611237503878320144489532283166632094600404823432977438405684=71198448364877834793352113636892010701179720121735919155617377147332648277298707
553245552823104592268470248256445515137111512717677231850480603+95704980443613924909210813067327972669134394541545955565242649193701415588170355=95704980443613925462456365890432564937604642797991470702354161911378647438650958
845304409069730893501682759275173066039303193843384707131802620+68889500042775747599021194510161132201584286606609702692974267225082448540388753=68889500042775748444325603579892025703267045881782768732277461068467155672191373
736304446344504188015100873360548908266091141785847731762381994+19367781500909817577274158913342753131638595134364107874962215123535287181238615=19367781500909818313578605257846941146739468494913016141053356909383018943620609
