113981949446682770288359890163321785758978043458211986152526262198+8057165359867958613483245559300792986524776399608307654266067772483865165731000693561991=8057165359867958613483359541250239669295064759498470976051826750527323377717153219824189
680866688747441615996387652687367287340055408636628317397983931482+6216432288794424223816433095108688532672014032317630509449236990088445456824812145345642=6216432288794424223817113961797435974288010419970317876736577045497082085142210129277124
818375819298942206069946375462597018854209122071448123665847672717+4305250522215800019656001816632563523375991432895846178174340240117158963929889547325942=4305250522215800019656820192451862465582061379271308775193194449239230412053555394998659
605634574910905062511794083640276245728078322437596054014644445843+5147055554027153268495060064779830443796075573982612742943204542719505156561964585586664=5147055554027153268495665699354741348858587368066253019188932621041942752615979230032507
425083615876608707026382197760005346947619197276890781417281481146+8456383856104729771993323767835688820846434110033366760726142688886816803303453241388127=8456383856104729771993748851451565429553460492231126766073090308084093694084870522869273
114105473641623864222787354459055149223174413316876181583829899429+8756037013820910613939210992987427277041225320154926576547474688352300352252878513595564=8756037013820910613939325098461068900905448107509385631696697862765617228434462343494993
441866304899107544004594807234939349431728565169197648992111186861+6762549289190958740047189620940327087518848536036077958280013973640609001634141294927465=6762549289190958740047631487245226195062853130843312897629445702205778199283133406114326
693858314138460182808129503398265068063139260185011855012174851319+4498031788491639099342463685721648320948616205565844473013660310121035550181894468760050=4498031788491639099343157544035786781131424335069242738081723449381220562036906643611369
255438490391909947215641120881509220641028242989795507178488850447+3723508079667658281938751825780472642367625292628738837021452557150250373062070198894086=3723508079667658281939007264270864552314840933749620346242093585393240168569248687744533
120572283776324629307663985809151931923195071189730010878173409015+2120928473769660264983835144980505355365829733717232592722119081743223480867808319784407=2120928473769660264983955717264281679995137397703041744654042276814413210878686493193422
466670417709438876345209217291493651908749130004543749762063522027+1935533673116389798912446841821063216957410501521333948306175353895086202552682115581493=1935533673116389798912913512238772655833755710738625441958084103025090746302444179103520
773189035892122837102241908833066357015537096359528005647747478596+5386001553569469707976876759670851991677782348364464554457412561022083687285385386831644=5386001553569469707977649948706744114514884590273297620814428098118443215291033134310240
387166675481033072322011995586878576417353849276082699460275564044+2303183194587560346581565235945711096570022686133606016128318962688382145326023881049440=2303183194587560346581952402621192129642344698129192894704736316537658228025484156613484
443333150752789061823060928912301384221046122382687906292595809479+4934501247031207964211328340020782867476260846204252441077938535530615464472737737181926=4934501247031207964211771673171535656538083907133164742462159581652998152379030332991405
330769917742114792308456806126541204807124986780754750596565393785+5626162021382874369627544703429843369995009649459711682229188068750017040958747454173071=5626162021382874369627875473347585484787318106265838223433995193736797795709344019566856
827789665830825752760591562155907419744474138281144488738309008952+1435977739163341296432503723027946943405799004360117070887408536794836633286989043135881=1435977739163341296433331512693777769158559595922272978307153010933117777775727352144833
321577109196619789852819484386805348473805864218991851074358173824+1082185140546258071986048804819673785115516424155640229302100844040108394529091348302431=1082185140546258071986370381928870404905369243640027034650574649904327386380165706476255
196130277929495010157072681376518705176760590129653041624522785268+7773924399165828243643758721353370165311044127104301386852495564947674704585555250377199=7773924399165828243643954851631299660321201199785677905557672325537804357627179773162467
889883344201102180539931678279626054503887300365912568873286710108+8781607835857571231929801488507313332702728328511641102167645775913582993887217909145707=8781607835857571231930691371851514434883268260189920728222149663213948906456091195855815
772708336333300666749164595665770967210716943266184515922138242488+8418916454247218801012521651537034428690420260271289232230864207087556832170163359020102=8418916454247218801013294359873367729357169424866955003198074924030823016686085497262590
284767388932351862441875927331320643465920137252928442658321266011+8878119608605972184945116277226012337992529716912078784915068737121698815234100012801347=8878119608605972184945401044614944689854971592839410105558534657258951743676758334067358
146349436693910794621122345421319536218559293589086502645050943273+4688911146999086372649292478321217345473068704793633049598489028336599198782104331337177=4688911146999086372649438827757911256267689827139054369134707587630188285284749382280450
323901405405788574498219552467831426986253768311847087200679545546+8826070240865609674579013302603925508386858947877775191667241509397763229301171718960527=8826070240865609674579337204009331296961357167430243023094227763166075076388372398506073
969047563003782381356731173226762974007486184053688417705553915941+3676910207587028861375791127752571728875653371493339188656057255219509897427543201540944=3676910207587028861376760175315575511257010102666565951630064741403563585845248755456885
726062522797367075019343191755352731130988505237190778935412194903+7413444969564317508752677014121657913521448812335575881027251109228809470443149389042058=7413444969564317508753403076644455280596468155527331233758382097734046661222084801236961
252147989991835364678997049034984420176063395642539476447489854735+4827313178982427284789928210420900275651738508568076716218436273485682118338668296851951=4827313178982427284790180358410892111016417505617111700638612336881324657815115786706686
777516575752136380677225242752193879699916478618326607080835348664+2831815249002163900707165261553913912061087530067655387338806500600506244902011775075635=2831815249002163900707942778129666048441764755310407581218506417079124571509092610424299
587271119257245460250811476488196328335742916600070214276674172122+3839397477083601939492017576011707385783736674290863806381579586108361151890026509367308=3839397477083601939492604847130964631243987485767352002709915329024961222104303183539430
637110292511291388555273605557597354758872668819847246644150780730+4745153863111273825874565281359793937596150656648536271857929710959347423468664415461990=4745153863111273825875202391652305228984705930254093869212688583628167270715308566242720
644396623292792209909445491835652997751266650442063568120228696179+7918455527472415924522533249599156516740155259527675444365737345671250660836084145030532=7918455527472415924523177646222449308950064705019511097363488612321692724404204373726711
503208725951570298450410148087716840305230354535766295849425951299+8699319651623409501027710216179870931409296938198501188851518429109115396662706284190423=8699319651623409501028213424905822501707747348346588905691823659463651162958555710141722
750865072819725561488746353798316130203825087304512806505031887995+4331036184599234096637260335278410285882478728379239454624523328532609347545610688488979=4331036184599234096638011200351230011443967474733037770754727153619913860352115720376974
642259715287125547166146537813652035333045283501477605952057219052+2479314799826757630427747182634745946203392836672935096224412606471066080443210276777983=2479314799826757630428389442350033071750558983210748748259745651754567558049162333997035
854076052796371605669203373920146537158659072291752494685568979939+5245919798463238484974817742371153214201476954002200611325697857820778042581049712641022=5245919798463238484975671818423949585807146157376120757862856516893069795075735281620961
338860688024695753568343097790155897269514836235312870952718998834+6137051793854549274417046081735824728132684162787078666112516061232359676711834593673762=6137051793854549274417384942423849423886252505884868822009785576068594989582787312672596
995276166024553793977114018366465280192413070939112734344004588268+3677493394581866807045101692335697590643011198079679493807188794735025231364761347370669=3677493394581866807046096968501722144436988312098045959087381207805964344099105351958937
642770428915438366570426214198362258422740887854705671811527626808+9129623911767184598344133484067423812144433547484031971252128963135048416876608822232806=9129623911767184598344776254496339250511003973698230333510551704022903122548420349859614
707624736570701153622985404368290504651333064410060529509394376471+1542913905654117111490682723567105078847741546809211848036133404839896064664056168566199=1542913905654117111491390348303675780001364532213580138540784737904306125193565562942670
547399255677016880632490557791439773869740611050188158657622068951+4281746516628780152793214586834722520894316566833328780276706198731902530108890886427050=4281746516628780152793761986090399537774949057391120220050575939342952718267548508496001
211248763750049637040339273086630917703770267104558915261388105254+2548195926476409700424833216600445821650123610407749646594342865325704746458530223684439=2548195926476409700425044465364195871287163949680836277512046635592809305373791611789693
718723462678059088062308731704521887215239200977944957642211995709+5125920310746620894383074729246306612454912352291310151729002779193509308480579780255990=5125920310746620894383793452708984671542974661023014673616218018394487253438221992251699
391766475865271069598330489777551639718542975519934393067235067561+6741079664052078734826855851428240275821723211476863844088534589880693642764907697963458=6741079664052078734827247617904105546891321541966641395728253132856213577157974933031019
793012148058102426038397509734107271350036910522231967683351360138+4636970943242018350874946554448044287249912846065640217646505553503873328927852516988882=4636970943242018350875739566596102389675951243575374324917855590414395560895535868349020
276884780478287495378359564012214553570226927463714050148208977990+6515519132781565869743420426256062454745068850387996301360117185109932348283170195536395=6515519132781565869743697311036540742240447209952008515913687412037396062333318404514385
701493215654310715078704324203319226592777199928842726627812330619+8579706723305313483682577754793436064986727894431201597791115206703691785187257837437653=8579706723305313483683279248009090375701806598755404917017707983903620627913885649768272
536792389613546492729130394865998188026614780549635103657063573772+1663544797549578036526777389940328713852490756676456069867613601432427911307993328562390=1663544797549578036527314182329942260345219887071322068055640216212977546411650392136162
403007674662377084162754584144235211877979202239552681405394658794+2440777366112089227023143329597279194965619812526192046386073074875552851675552274301893=2440777366112089227023546337271941572049782567110336281597951054077792404356957668960687
195583329332245559251701392204688256831236199628446353360622062579+1042621295709557831482098282627290720590385125954731914783146905523669253758273094726958=1042621295709557831482293865956622966149636827346936603039978141723297700111633716789537
849475611170587891535445585460119111318308784078863664912761216217+2803513829127041588784998039499900392428692089489569381807190848408986773835572490627217=2803513829127041588785847515111070980320227535075029500918509157193065637500485251843434
124253848961159442696016575584426076533358823717169733175726736376+3121095291631660398549986036001288280918778548660013377806544888449583269556270968633870=3121095291631660398550110289850249440361474565235597803883078247273300439289446695370246
685678036322839559856385305061932646478528115950337538946561124803+1072108668645877268206718926980579517626164176663404576253747572027172359486720045792700=1072108668645877268207404605016902357186020561968466508900226100143122697025666606917503
248593868145435599584517702952317341003210799210099528543215363088+4897377897549869256328366721113973825266282504762467580422622460627157601301064286877791=4897377897549869256328615314982119260865867022465419897763625671426367700829607502240879
868651417359560637202695550992211113872706927031608520878166451954+8774677666068383510671869883541526554560852289917021801337857867619529080061337327419529=8774677666068383510672738534958886115198054985468014012451730574546560688582215493871483
452691088068421655598368136731203576994088407854207691208120847635+2512426357862949885114610898054826243270597762565649235086503256870225074190705268913179=2512426357862949885115063589142894664926196130702380438663497345278079281881913389760814
422134581392775499104817384397718978623845122769009760135750148421+2009242237993631610724910640879860543182962897047143182723978699460180521256426616001877=2009242237993631610725332775461253318682067714431540901702602544582949531016562366150298
639558711375292485483481714475033232383041290750900676728975122649+7321251142352795545103955509175179558702266297199003352530470273142852128905742313763629=7321251142352795545104595067886554851187749778913478385762853314433603029582471288886278
291603113951378279629971007758946690269066725641331700242278055814+3981917351774411802143325227233118717107026861658497396493644052940687660025306354372517=3981917351774411802143616830347070095386656832666256343183913119666328991725548632428331
843282014662647121482158787267520087870421131626748671249871803000+3849548787459520527735517872940082429343942942759631222388351507747986028011450474074064=3849548787459520527736361154954745076465425101546898742476221928879612776682700345877064
189316093002908389485439279999011857596866844991631575679778107206+2371282241071886948337908435507305187894508297055937546182870798149221278938349780320929=2371282241071886948338097751600308096283993736335936558040467664994212910514029558428135
372891396775704051816396733458140620076509584022759136310467782177+7530172301954383433088777626765202722509466442700957494646993877486888085191151985357521=7530172301954383433089150518161978426561282839434415635267070387070910844327462453139698
796076013400871675419275725557449104768477729170788820387896982524+7500666113579467715147247136071341091357242210276187194307035070029969544889971907265279=7500666113579467715148043212084741963032661486001744643411803547759140333710359804247803
993813079686429030721101421316373379116034964609226056617761307365+2932371150848011645777152707808150498810886390383076462963376534152837084580926363074540=2932371150848011645778146520887836927841607491804392836342492569117446310637544124381905
612822184524836963807606707766750954010399808091052881859255542644+5929543967795656875943870475154044192526107989364181377640372507890763223664059099402767=5929543967795656875944483297338569029489915596071948128594382907698854276545918354945411
203399134032033818242960390910444604464618470136116727414820257485+6111543904995936076722155994896329573114674322053736443712090829390823079303248650573823=6111543904995936076722359394030361606932917282444646888316555447860959196030663470831308
723767190089406237914888802155196990017426383978918519047139184241+1327825090636012361116991832719591699968431421970379088597264136389624574240649831940999=1327825090636012361117715599909681106206346310772534285587281562773603492759696971125240
589321926035988351118258178723645752780700686276881638348483803065+7356624764374968158049217236979256648130863475061279350780501999666305850105360361843988=7356624764374968158049806558905292636481981733240002996533282700352582731743708845647053
681608202579686456737168277366107689254338420583125468232065939994+2778320938810998379637736175067148797532724174726015367101879679469790491197018808780239=2778320938810998379638417783269728483989461343003381474791134017890373616665250874720233
394263562268412426608338290203375597117365969022752997179444008687+3159584501891217208956735648282562275685078808386282630226739205498812353026151813871250=3159584501891217208957129911844830688111687146676486005823856571467835106023331257879937
984489563168885600680023633095674009380832696755137961609051376650+7020845632215520749838848574970420601727635288293711807896603194203454646428729985290467=7020845632215520749839833064533589487328315311926807481905984026900209784390339036667117
655570472697732567804480904037585492110826721857848031939952234953+3400116669338029505541697832525453618524068443384081588171096354091045355691633311200675=3400116669338029505542353402998151351091872924288119173663207180812903203723573263435628
916785938466979825723225767753640181414389243782452203042180196111+1725705792698435689274566640523057324676829596134660740285169598690417752229848198229719=1725705792698435689275483426461524304502552821902414380466583987934200204432890378425830
736028472151601983752155740257629783601473505793451086714227056538+6327869000450075470306318712067332666898330177101340989824377423754481508677922892926301=6327869000450075470307054740539484268882082332841598619607978897260274959764637119982839
631338023452193777880137302306420274854746984706916903631067247813+5355798505865520508449871388262913418142538876943857265084769113031079574382657681886591=5355798505865520508450502726286365611920419014246163685359623860015786491286288749134404
102132279274412771184867010742752774988153030568339109343089222077+4439043298183700740142280940735389635395197583269543752192352988795989654119226713495484=4439043298183700740142383073014664048166382450280286504967341141826557993228569802717561
811106520996578329260443513095992847008213195421571896892001405558+4603199233340006338151555496016036452512693051749848786488063956472151545518732741316189=4603199233340006338152366602537033030841953495262944779335072169667573117415624742721747
207784628909173383199972896582314928003323503025337258052553681836+5839918614270640527149558704664409116995510509525653800421984478138434731665283994397483=5839918614270640527149766489293318290378710482422236115349987801641460068923336548079319
870078016596415355637043051301322888453513701092309437023373176404+9198072764400816033334891321053030798317524895587117110220638145552281085971615278750806=9198072764400816033335761399069627213673161938638418433109091659253373395408638651927210
117404481854655641337303130464525967799411498129155901237574027804+3574818755323959892449886791832809685812721921251744665152763378921463961789881327693745=3574818755323959892450004196314664341454059224382209191120562790419593117691118901721549
483699158634505851575921534627689156351477269972253472379681265204+8628610865381480499179663471375609102553937182438764509808263867089122192714421467590579=8628610865381480499180147170534243608405513103973392198964615344359094446186801148855783
592006153080415312261530740722194366435454344735598693366150310604+9818797954507184996931140929604059773571031726655092508220942172032211404344077034586571=9818797954507184996931732935757140188883293257395814702587377626376947003037443184897175
918268342721901395137160734773860554534333192730636036019353984541+1509376573435061074524634086860972600801207656649034732304921207626684497443376881766982=1509376573435061074525552355203694502196344817383808592859455540819415133479396235751523
542450954266444393885983137965915222805336395313060271744453736173+3129787243807503729098158244467706575723198017524327071394907260489305378371060947692223=3129787243807503729098700695421973020117084000662292986617712596884618438642805401428396
592409440401427012915284480480604047060467058261300393177347831237+4554972241240705622265182832832841350551820038169178338276156443423089724381688862096207=4554972241240705622265775242273242777564735322649658942323216910481351024774866209927444
542261911153597848783849441732758847323489800330040483076373942726+2622527839774904171717879617015019083282849368491271693116705997938756806986407207135232=2622527839774904171718421878926172681131633217933004451964029487739086847469483581077958
566377764380585831746714821286127566626831468098191976281837424603+7930922497593975622885526513915710564840191572153113942545960980460931116418681647156848=7930922497593975622886092891680091150671938286974400070112587811929029308394963484581451
796351567977198018210670848291237418370784568248194515086580174104+1523195606148341365497861078189133520020074937273027502464657558602027404603937450800498=1523195606148341365498657429757110718038285608121318739883028343170275599119024030974602
593206079048738584893837266068296389396157203475392511530014288320+3546655581694867046951792261989256406307557954502482167822010725983110030230387040447140=3546655581694867046952385468068305144892451791768550464211406883186585422741917054735460
684587123668197484101634841862968323986115323040892898008128738476+1126020416189595870452193644055943945282741308651309536151621783397590531661461603385133=1126020416189595870452878231179612142766842943493172504475607898720631424559469732123609
356863881964870839173412116487170638346924776802708972734099837433+8571922877220594036345864887904039581914265910883612887065327584445321816547119335229975=8571922877220594036346221751786004452753439323000100057703674509222124525519853435067408
200074027275913414852007627513656775429309024842386933022168701103+5677330090454242940554210616271712344156431306107353094597398693340426884458591138878882=5677330090454242940554410690298988257571283313734866751372828002365269271391613307579985
506519226456326875830840048309628357402760444014944595132896259078+4425882371784803151810614217616225621539125956718146862378741256381049571253809812080886=4425882371784803151811120736842681948414956796766456490736144016825064515848942708339964
111936653752887316481736750112685456893523576589753437591814223902+8723850747175977416190569752606832704509070295473751407089343754316311665357430777361647=8723850747175977416190681689260585591825552032223864092546237277892901418795022591585549
967284152042519668867235649721163659448886211140483990253209619117+4841779698194160442172948327784395140189774341841196965859748591932073182594290429027375=4841779698194160442173915611936437659858641577490918129519197478143213666584543638646492
476084744115282647220377655954379132426149115141339707242816154012+1043347985277007944905228832352404294384297216468361828571183249876062333035376255294673=1043347985277007944905704917096519577031517594124316207703609398991203672742619071448685
266154664884933345892394661073230750781880194390578869504799508862+3494532654290752377835284155180578522473107233594533239879102974713641185119849346621126=3494532654290752377835550309845463455818999628255606470629884854908031763989354146129988
322346709836242629719060045682829757769090320454482450211486642348+5500901024334486715545308589290372802449452556360589274237879404949804057378160760573875=5500901024334486715545630936000209045079171616406272103995648495270258539828372247216223
507903376280139807623717144158113682936335820365782658036884337398+9564191210821789957177212462944329738193394862427217891003867369784127190098280524838078=9564191210821789957177720366320609878001018579571376004686803705604492972756317409175476
507968224022665324235308984898190724177676688533165522344123321605+2138240805534783150622469327889907776447743474005582280905214382785184608863847065660578=2138240805534783150622977296113930441771978782990480471629392059473717774386191188982183
662065710154020140439264258342485796395394983362073607070065240131+8658963563246580869215646632909272015392682047158552054718354789182561108110899530319077=8658963563246580869216308698619426035533121311416894540514750184165923181717969595559208
299380517368327930673207995053357672515063274348411383708067382526+3871469432053294487053682832063250526671624430085858178148549966120254338295645817710867=3871469432053294487053982212580618854602297638080911535821065029394602749679353885093393
