11583954404582155860353228558525262163772418405840951987064848891141+95787098064278833944493695878854002446329713182559019752221997499276953=95798682018683416100354049107412527708493485600964860704209062348168094
25844936193067654642056217772281223734050517600717322208390801644418+37265229294696589779726722030125467322648476127039403442321742344264294=37291074230889657434368778247897748546382526644640120764530133145908712
86833185120484899674812618639062541508037078341779017341028738321956+12325160312079298810675994183166227067155225568528870411743567261705849=12411993497199783710350806801805289608663262646870649429084596000027805
21349484500857521182985128903483474358437487835268690863856592084777+20893069978161621337119578448113917892745126716865092554157312141657081=20914419462662478858302563577017401367103564204700361245021168733741858
46477837945448841270682208086390205643738313121366397370853750611434+46359921849894991736714394206156236660988314007529273472937826903488029=46406399687840440577985076414242626866632052320650639870308680654099463
32272577606242655502832147859539206033826542721327994387428387625724+11177801262992128207213818693307039770273092690627458882799504710320371=11210073840598370862716650841166578976306919233348786877186933097946095
72762445768127994074279741162737728614778559835810613185128408693008+24268275311126649680485962136441064287641663188128080251591711187423835=24341037756894777674560241877603802016256441747963890864776839596116843
82011301247115458174721323974068464068192316685428437283196574948018+98068256471135747385462527474055184350405142149914519088080398414253072=98150267772382862843637248798029252814473334466599947525363594989201090
40475625106426335136906507966482106864522591886658769498398603950949+36153007155377714838665708542019323113888478663566275791973402468650385=36193482780484141173802615049985805220753001255452934561471801072601334
88559639753639966979398705656193028649963413982897111002132099500240+40006312229448967726380448921676527672064737949637492516081913621513507=40094871869202607693359847627332720700714701363620389627084045721013747
24120771347648578922004385928979956700349407694637758599813070904683+70804968467684453838475638541192740224433490058281418291878609314010680=70829089239032102417397642927121720181133839465976056050478422384915363
98105328937006332702698057247066047868358100998961097845955327959669+59415432889948973787024294565294145609513590627787955658976285402599729=59513538218885980119726992622541211657381948728786916756822240730559398
31130137603017446147591305703456535033069498627211439157119100966984+89693092952069320617186041201519517427981302359374611721778005490501315=89724223089672338063333632507222973963014371858001823160935124591468299
96825384757330925741047910091586384939031102654745128542117378892801+69972110513380785267686091682108945824871619061113308243705560364159448=70068935898138116193427139592200532209810650163768053372247677743052249
63058894712049184725651801903826256590634289619126052770390909334222+99695211434475853142331926384822071135139702471477606121369241827163984=99758270329187902327057578186725897391730336761096732174139632736498206
14727414386070824677753052926547607318351073625542324435258998019374+90219864119422038776518686084339613023486328151689370481766893252923469=90234591533808109601196439137266160630804679225314912806202152250942843
86886110443470912467412909105572506926208479727578291598719270271414+86036342063898084951176658871686376243921386887868833029861153481324975=86123228174341555863644071780791948750847595367596411321459872751596389
96229928358045464753058785117647767415051022946560311833301170038341+59417765632714090510376448630084548486854539234877781253190007633280627=59513995561072135975129507415202196254269590257824341565023308803318968
49838971139544773843174958890137546405861538429791161509516762997924+89877651007243281958224838835475402950158033861613730604193325226604232=89927489978382826732068013794365540496563895400043521765702841989602156
94373000814202151755198365614807353548450953649982686222761593548150+91653388725115790101520181664334495539419118922502894249247890084907334=91747761725929992253275380029949302892967569876152876935470651678455484
74431717213311917742995886376100666008283371195025156546920138759796+20211804042827825039873348748154471300434310363926814808138902804951828=20286235760041136957616344634530571966442593735121839964685822943711624
19703428958409042402467212637525884546025749163741001659662967013183+93558790886835802573359507593779494921581362500674183529693867699694543=93578494315794211615761974806417020806127388249837924531353530666707726
16489909791065430319708933678499005255253586429906814504287652828397+81986561671416803107570721237642183717575440754685652001893281806992314=82003051581207868537890430171320682722830694341115558816397569459820711
88970777418518283544047364203069563292574852461398196312409631879169+61799212879672764685625748409347209186868421284157300815663629330402992=61888183657091282969169795773550278750160996136618699011976038962282161
61591005549285816489909483593469126047359559903218240907145366479316+66943575040435321568161199511453016592716535676086547571960886486328127=67005166045984607384651108995046485718763895235989765812868031852807443
86214505478745341241865238367584331731561730367032717083730070798851+98886270088277485292401422300296305087507530730652324941532031189119209=98972484593756230633643287538663889419239092461019357658615761259918060
21891374119997063323837521658692530601029802911190565270607679892371+10661507793193550010847161791759622046898420351673358502156405907604111=10683399167313547074170999313418314577499450154584549067427013587496482
11817848275457449293937025834802272104054184062620211994299613389241+79584635755486456243368133970276691928542937379650865375462662309741463=79596453603761913692662070996111494200646991563713485587456961923130704
52396970720047957183692799179209289774598775550374264749461334665439+43031317569159871504268848980032765474321548178355982976287878216338668=43083714539879919461452541779211974764096146953906357241037339551004107
66718062586916715260861657200286246774921288862271387046853093655621+77857279567996671462139231264646519357444216674288280435689318526972291=77923997630583588177400092921846805604219137963150551822736171620627912
53899240259942797945191149416169919877027511435966155571551847939398+57491477796257041712239230728587313853483026044694873403988291806211369=57545377036516984510184421878003483773360053556130839559559843654150767
44796058502865625717128524368831433111966234046793411044888179098770+25386472899223822458907350328605369685597562926601031669921737507466191=25431268957726688084624478852974201118709529160647825080966625686564961
27698604601134434093684223264216146909942777213675823781064210506462+20403118682187156046100975089144358399602865657155822535027808481305018=20430817286788290480194659312408574546512808434369498358808872691811480
54842259089145613961544421692133477737308388227953061012769586761347+33033958749195411272665632739344796666329634638266611817477999957484887=33088801008284556886627177161036930144066943026494564878490769544246234
62408359536927190217163284605659356967341657276534030025467278673754+49203224581517602526030586696291555718115087710479382525529450820162517=49265632941054529716247749980897215075082429367755916555554918098836271
18997453332621302606718306498385104940039315069424647268249402297031+59183215455195338933425978244967294223839684105200617449744222304258072=59202212908527960236032696551465679328779723420270042097012471706555103
99457359245926701342623337053673337751093695657300362251407571657609+79192438206716134466404158130922178710468487753143156220687955136781041=79291895565962061167746781467975852048219581448800456582939362708438650
11584971614563548690794741339622540772108808350161161767831136819589+85275932876624119253669913147350097949325191655128001952704468200173084=85287517848238682802360707888689720490097300463478163114472299336992673
22050547092985558291283658159466790556550704697778074607779679908503+81270426088010493681765341091963112908527184260764312123801402750420006=81292476635103479240056624750122579699083734965462090198409182430328509
66562104919828315752041048816251015786745215245960510611801511178227+80282549255052423975264212723550129213785489843914743970327352128892204=80349111359972252291016253772366380229572235059160704480939153640070431
47436657193244316488228632839652164219597140276465090864033277953294+51984372541613328243855820398863026352946822748267188507524933765204929=52031809198806572560344049031702678517166419888543653598388967043158223
65242476525083644543868606097528476188394633702229384024105958034847+85269956143566734151726406162188430324404313056206715426954566988206637=85335198620091817796270274768285958800592707689908944810978672946241484
42525514141702974743877856951675713160583435114706175004506009929103+98455018377223438434925815973331168501286475439009705358270059171601157=98497543891365141409669693830282844214447058874124411533274565181530260
31862263664474517725991188998493175341088718816611765058181602392298+43193848877825156103638324321997807767737371137604905541536775584238127=43225711141489630621364315510996300943078459856421517306594957186630425
25262321238945057173232362885562038010386216134526291349161302027658+74595033487525855834680409349261431880667575041592976198960228988806259=74620295808764800891853641712146993918677961257727502490309390290833917
38276004232349503879390605712052004916387486113119069122163784137472+71589347628073965118381569511657286186554350910771682717421572877433940=71627623632306314622260960117369338191470738396884801786543736661571412
95138440477718211591643510137769569486533831396461793933235262379506+89678641666663045370333510658428644398934165156773545365410258281284458=89773780107140763581925154168566413968420698988170007159343493543663964
90041342718176123022372718294978710444274337236767458993817178426910+80054165903422847884997744957762774439481503274471761545832564614393333=80144207246141024008020117676057753149925777611708529004826381792820243
65194434948060681830189090969518427335128592750121155000118915043283+74383826829822629298073412186037804264235877719825454250207403324787354=74449021264770689979903601277007322691571006312575575405207522239830637
74606114187443501155803178788229051694406744607626142942497954525986+48612616560014770947156482535051213630456375961566083654428894473030544=48687222674202214448312285713839442682150782706173709797371392427556530
87560231431010846115824654710097451934691263331435537133950011597236+72910301486596785214657700143247405626378217042112096590792903175794744=72997861718027796060773524797957503078312908305443532127926853187391980
44198951163317496663870107057175355977404815536577357807728909895051+19397316876742921817060922404548858791665194634020901963842196817522934=19441515827906239313724792511606034147642599449557479321649925727417985
70012474277814036576404912626745785260155260353087107129854383820791+89304328665070393330211698553026469735385317057855559269719823988095898=89374341139348207366788103465653215520645472318208646376849678371916689
49718298907690684567213003171238842151979108104838553280428139744020+13712935646101045106495174573753355636245126950395031783939695927651700=13762653945008735791062387576924594478397106058499870337220124067395720
88814073474618380477575312515351856272377560318341545274254712469616+23515214618136633229784018207256114569513297048551712749281916453844159=23604028691611251610261593519771466425785674608870054294556171166313775
33635626184846541483868037151930294394843948170046530205308878889011+47653943549497648871244108533253955755023781183079072135180317087703910=47687579175682495412727976570405886049418625131249118665385625966592921
62102562283128230238456850581032967821772324239292627588716060490528+63742067027497661744220150062434153145441077416337644834437221734647620=63804169589780789974458606913015186113262849740576937462025937795138148
13309815791201065099528460457721840959237601591393011544725576711500+89461260305180066183745887833059501056223979261403998591880438227770984=89474570120971267248845416293517222897183216862995391603425163804482484
43035263046905741129845687263380479968564660585708955368922611326969+58072662207664728898574225685281804030913311250942978222931276649053074=58115697470711634639704071372545184510881875911528687178300199260380043
64175626295199315508815030784896311708200050831700403134327390737029+57764460497270356714089699724908631141803184650872888655126854888297094=57828636123565556029598514755693527453511384701704589058261182279034123
88693356729010124258327440428640199306910654831292046134995621185538+37981734390949676838540125870978335369009309819949557061420323149634802=38070427747678686962798453311406975568316220474780849107555318770820340
26464617632443583581015276997377199867871539120234656062625081281993+33382792774300946691868578589962927047722744873445383786493196082480213=33409257391933390275449593866960304247590616412565618442555821163762206
70028477595484291795782485893818769060610888722706987517571125086583+31459451774270478982399723544399136173740175145634873031188836426725519=31529480251865963274195506030292954942800786034357580018706407551812102
22777507735987269342345836693400295317305279595996258618517936228952+84899251114065427547073133655898554765258186252780647860678580658778519=84922028621801414816415479492591955060575491532376644119297098595007471
27777927227718924176008425321196641928909940065918716315845527152423+99899785269573888729585540671139130406783662343359663155768977909285429=99927563196801607653761549096460327048712572283425581872084823436437852
70015523498998082880201185898405291367269692473033442376577239193740+27319701840378494280441762897232942879222755948548704420652485127311158=27389717363877492363321964083131348170590025641021737863029062366504898
15075999200734547758107515540166482413838927460194554701126442140904+51655899104103752621003882847292967475957326341569472067190632163701351=51670975103304487168761990362833133958371165269029666621891758605842255
93920852375324049990649945586421248766796471374621170449302235756299+60305699600073692662204644688553105028807773721914063350230463162150287=60399620452449016712195294634139526277574570193288684520679765397906586
21279275575823033974491576092122049136817665193120085081045392916530+82355867602866426719915225309428670500326785455137856877718791123704683=82377146878442249753889716885520792549463603120330976962799836516621213
40459610772813825946073856887898245137241942731293299542482812435768+52421757407379063013321902896859037345811916591797313896998357032897404=52462217018151876839267976753746935590949158534528607196540839845333172
60926016854112211352273443087628005978181289673247764269632786775071+36055508342716470430703788691829559356381438409943639822096209314776445=36116434359570582642056062134917187362359619699616887586365842101551516
72792487034106136492756662907241394533432627774780604951503846490058+18576789871841715068828916993391599631740181506238432473170015939642011=18649582358875821205321673656298841026273614134013213078121519786132069
18962621300820133889763971125419476831536747077867525671228113079963+85568609319332700782461420262176573331543749569304230650640176312709967=85587571940633520916351184233301992808375286316382098176311404425789930
43968571083220963742476392412545359508824269721906710836185403332390+44745736776776070093552685096743708426285761922428958881675703219530443=44789705347859291057295161489156253785794586192150865592511888622862833
93654303855867708547003499972442287221461751199769515274659779938536+88391400606077006403032362445318692627896067935443093974781213256733916=88485054909932874111579365945291134915117529686642863490055873036672452
66656667519513437689232383305009682534456108115692728392237143167757+75581083537368980667695574663267685349114289449098454316745035890146061=75647740204888494105384807046572695031648745557214147045137273033313818
14999155709116821184314251849786834534518165852764911250580818389878+21954173724456202320037103107301580927722181193550509038254871215193877=21969172880165319141221417359151367762256699359403273949505452033583755
64995431114762124193880791317306083088992968367663946595823585712186+58653067795122736388427476937034071579178362226119411957285707498580560=58718063226237498512621357728351377662267355194487075903881531084292746
79227293292795824761509847679007697035134588145587747878366028605256+60806840976928142188062902464253843945779697576528845738378366661577910=60886068270220938012824412311932851642814832164674433486256732690183166
39638849199584269399525138678568179990918933378234599983421630456069+62507914305358465186480548530005849499346861839614630221424938175429773=62547553154558049455880073668684417679337780772992864821408359805885842
72124975575799986827152204302268473691786457110925811322404796535438+21230303316718682281565416318405904113048175722499135127790279031438090=21302428292294482268392568522708172586739962179610060939112683827973528
80634585572169329275268359083874260454236478236498049856796359617199+56532520760129322203335070839196932728052807378125940281642632849406709=56613155345701491532610339198280806988507043856362438331499429209023908
73735661400943409700144003160731783991723722235935943683943256355406+90175880988204588919732263784831719710028897233807205340996920833083422=90249616649605532329432407787992451494020620956043141284680864089438828
37188834363798638729309285825556881926731419050666239715632906633792+90144047360119742786138334770313843291735743594853004477566605769384135=90181236194483541424867644056139400173662475013903670717282238676017927
21653610949152899436386782846564088555030383354965916631163834678468+46788255056489703537046983268335843444347794391515878004144112390210853=46809908667438856436483370051182407532902824774870843920775276224889321
65286114922889476516137863523557842688413110247662558483972065079254+63068191892179498781958433489289001560696591620345552777220344880431573=63133478007102388258474571352812559403385004730593215335704316945510827
35175462914688833329340665511452313577198571432641866455484888990270+97287076381219589816810482733061235469449964757184183577378724893075202=97322251844134278650139823398572687783027163328616825443834209782065472
63860176252181653014780006810523548743514452219826020388719666253609+52696567190286334738006597686682995163221338601803984465397371156034933=52760427366538516391021377693493518711964853054023810485786090822288542
73806533162487876402675912042170461467439433174507721548630845066322+23343293176379301081662621809529709336429700707124477421228968949915841=23417099709541788958065297721571879797897140140298985142777599794982163
25110783208522678207125778058390848672131296639047587468161620932538+34821391220479144284285689655012816704805449596898928283531133183514423=34846502003687666962492815433071207553477580893537975870999294804446961
77946828662375992720931873660005750955489897602941024542879463895929+65868274759988502569013322269136795242906568613839738883141183906501990=65946221588650878561734254142796800993862058511442679907684063370397919
84779028154757887528776055243602625800118704375604257791740049166901+30891545153605531465031699483125682316423247057609982075785231481678953=30976324181760289352560475538369284942223365761985586333576971530845854
90181694061091083910563764800272055268192012358711699779636017447614+26017551052201089577106611773528705713526178791062003714613801584516470=26107732746262180661017175538328977768794370803420715414393437601964084
46508038771244402621352985290998494985502799358716346027089235953921+64597089034107385475500293705603011784339523830636188778098529700113657=64643597072878629878121646690894010279325026629994905124125618936067578
10792493354138255899132684072696591459973670165688990008530194771001+24572071255381456502911061502638732454987557935910973685604672717071077=24582863748735594758810194186711429046447531606076662675613202911842078
99329687688483514364203918536864275148394282266588729222218289424303+43355768991750375281484304804280406538100083528061339558253328176275119=43455098679438858795848508722817270813248477810327928287475546465699422
70065871605750104484491957266061434590772680379581302536813463177650+93201425839354660895195608570850294530301592098090082787847289125709501=93271491710960410999680100528116355964892364778469664090384102588887151
45974733179025242503370650338587868715258589154761272223370276857480+93038067727503291886133191649119707296060150989385130817224958371298054=93084042460682317128636562299458295164775409578539892089448328648155534
81836857795933146039961687420506090545947948448580111964998215972366+12805052680120606462996315893630073518154406465541436610580664075126147=12886889537916539609036277581050579608700354413990016722545662291098513
35286600966640104006225776855155686961021948511530712692504367901057+71632655043071229123925903088038586121514010793651175969904780973161840=71667941644037869227932128864893741808475032742162706682597285341062897
