111257212995220497815177482433801108300612481294554+244951395663252438582053007966332269981294340959428548551219499481307790321846558817391758999094=244951395663252438582053007966332269981294341070685761546439997296485272755647667118004240293648
942177366691853615230065321173274082774136989437753+707822171545439746912926818866068410420448187518825920847061702590376149802872139838441170160054=707822171545439746912926818866068410420448188461003287538915317820441470976146222612578159597807
837942465796355908373721353083159501441562419907063+255623038955984434224239157520434650273700666228040630574686643508352746464446087735128458529116=255623038955984434224239157520434650273700667065983096371042551882074099547605589176690878436179
388766978691030187436677075052159506692285523019685+100243755814705789938649266581770197046610849238967186601842350818415768822042786536528211233646=100243755814705789938649266581770197046610849627734165292872538255092843874202293228813734253331
768569310085253502192281440971104775201013291846305+325738382055653512331353669309421102147101657166517790463118926321978611611262158710843652483212=325738382055653512331353669309421102147101657935087100548372428514260052582366933911856944329517
147086473165088790902362564554709997713313813112069+363754370191021669324860184940299982364650565304342215473873725848948459180288970582514186716206=363754370191021669324860184940299982364650565451428688638962516751311023734998968295827999828275
892824893253250598344239594187071481930006026577850+490516832862836877127708031002415237380888268666219792857169597349405112622307884695167926695035=490516832862836877127708031002415237380888269559044686110420195693644706809379366625173953272885
495738642227875670258126069115280999363994155832494+673242088896416809883413496376380355793008099626730810390349805506945586282430017374188632838951=673242088896416809883413496376380355793008100122469452618225475765071655397711016738182788671445
471558981742436639816459099507936545404464893095440+215671031798140291327942370362800378038053089571196343292874703657662625001272781591995542273741=215671031798140291327942370362800378038053090042755325035311343474121724509209326996460435369181
651448665780312121935962360082137162934910815921647+503097715001024919265820136226726120626126456997522198965832750100263354577854205010628068617180=503097715001024919265820136226726120626126457648970864746144872036225714659991367945538884538827
525348018341944140564929500510850545665196707909308+453406422801347664682192491273321781835127624800875892042864083371694393849031126828617753445302=453406422801347664682192491273321781835127625326223910384808223936623894359881672493814461354610
461819358107443926442499576515360335871116172039526+533037096104126597844981224994866422482735391978472489975192951644204925594154132404560710988117=533037096104126597844981224994866422482735392440291848082636878086704502109514468275676883027643
978836904813280038574722382189769011601483748542418+671912494826900981683423567607799856472789131323924185371649984454124766017543292874766731045847=671912494826900981683423567607799856472789132302761090184930023028847148207312304476250479588265
293911793859792302282377143325898710878865144244613+340178329964248941443208839610562984590289643337509419837198237893911260896826232415095395611860=340178329964248941443208839610562984590289643631421213696990540176288404222724943293960539856473
480435533914707219176625366330760906813656166852524+228095154343404145137854806827292821953083354839542573091692638018279163072656853428796361925351=228095154343404145137854806827292821953083355319978107006399857194904529403417760242452528777875
987718926813200452107923250723923180331510953604740+935543812568767397328181658640157318047144540280054639571799006052420255797742172209909349823627=935543812568767397328181658640157318047144541267773566384999458160343506521665352541420303428367
629637894957863546705903500519564788009066252368128+722270640069164266243327865165665179960067024734404536470214185527240864224393688573306754640094=722270640069164266243327865165665179960067025364042431428077732233144364743958476582373007008222
991794579060843708535165486763649589657095286238165+724096327474840620121869715986975284028045460126800909768918663937035592245617360987392250664636=724096327474840620121869715986975284028045461118595488829762372472201079009266950644487536902801
174560201095503887010630083037831061574763138802888+433067524692450849786938947410192521627574046128435730389087855089481891187710941036444252376272=433067524692450849786938947410192521627574046302995931484591742100111974225542002611207391179160
399388290510876397531301650702064929385778064049500+165520687019524354862127972919714171803369274237874924375620249604850298115478960447170855941321=165520687019524354862127972919714171803369274637263214886496647136151948817543889832948919990821
455664340200393026094984737282123969448404978352087+456144389377939860567103064839042011692793527469810212362712586936781259343483536260777644454043=456144389377939860567103064839042011692793527925474552563105613031765996625607505709182622806130
658105421772487605365191908029773424809776230642282+429680843447698305703868112001181049863502812816077198306294177451550383342463755246911677031704=429680843447698305703868112001181049863502813474182620078781782816742291372237180056687907673986
394584578558001068876700574794340863578956382113540+780066190009499686343788349812152199002430047451239467710408629047846347412241993421837415385490=780066190009499686343788349812152199002430047845824046268409697924546922206582857000793797499030
925942292292156174575623850650590443310093172653824+952513844677096302117133267140197907751053244516886218689000923645060331291255285446177240339329=952513844677096302117133267140197907751053245442828510981157098220684181941845728756270412993153
337721383193543396027034625242061346519542181777599+177332678696179644542287211048920760524278396451602257994686572942811929510822345790220983449644=177332678696179644542287211048920760524278396789323641188229968969846554752883692309763165227243
715197619201699844786903605130228958706710893534840+853378301334716484692733130866088504433938183388541691708289129730288401740382501371719367067546=853378301334716484692733130866088504433938184103739310909988974517192006870611460078430260602386
189541787313249941514252305042627818336158992385577+830489925393074463136407609163248497868451602354199090412678123066906538273775035233073741812790=830489925393074463136407609163248497868451602543740877725928064581158843316402853569232734198367
649333966959230079053667422236416755671875772228437+626008064948486884136603074209340625036160204185619069760941374640728274911443180896638208082713=626008064948486884136603074209340625036160204834953036720171453694395697147859936568513980311150
767814936100450003602116394775628660018765880056820+523420174322387039029990235501375993472174192677913656415889483007151317369408443747112930457223=523420174322387039029990235501375993472174193445728592516339486609267712145037103765878810514043
764540856989360682786130184867160229759718236969972+933722032219958773835783983409149537324333455514144140480428240037885451966111417567014414399693=933722032219958773835783983409149537324333456278684997469788922824015636833271647326732651369665
870784255996115756527668471430406755306532392175793+131022592667589147087384697260986986613942763879390737286424026484793381476736116460165185532946=131022592667589147087384697260986986613942764750174993282539783012461852907142871766697577708739
806040167779256492482402498040698670633914480563881+432225565857787303718442143688452806630599992197474255972387773106969089395415274369271245913799=432225565857787303718442143688452806630599993003514423751644265589371587436113945003185726477680
511171413365205601817333777143325639145443326883459+969635985955939279220200912758023101719592013219090129180524297306713523708595279136565218611559=969635985955939279220200912758023101719592013730261542545729899124047300851920918282008545495018
750763407034132390440714716517803103996593325286507+336454538184323296541717281952200122980338929600073544232624640265208208350761439783606364001088=336454538184323296541717281952200122980338930350836951266757030705922924868564543780199689287595
460449328357477234495714506262239872763005644895843+726570074610449643798547038318062302730300614768822025835347385823095805495955096381766125325979=726570074610449643798547038318062302730300615229271354192824620318810311758194969144771770221822
623542370362202233082492681155444468452464839363030+279546309674298949644198441149656555413503500730000024045572853777448368064254668116914303035236=279546309674298949644198441149656555413503501353542394407775086859941049219699136569379142398266
720142244551560947555378920952930861946628264648361+541015422138701354420146056917308993927888066059044906307836943057484342646962040193995819977676=541015422138701354420146056917308993927888066779187150859397890612863263599892902140624084626037
327299867603813083363798467406741720437784983979903+964562630093849166124992971410625797455137504481836393539239949352213809703377341354859331865874=964562630093849166124992971410625797455137504809136261143053032716012277110119061792644315845777
171046085800532268641014507832690340574814020109429+450753142950152251381606467115698893466850670711898033551952896951999217710200331193038004483301=450753142950152251381606467115698893466850670882944119352485165593013725542890671767852024592730
941193829122066787996377016478485985966606169570065+815129787063696926569570318198733531392266066993795869145157591629147046794395097544546597430608=815129787063696926569570318198733531392266067934989698267224379625524063272881083511152767000673
613539961332600320798747863540714612557726810631067+583713121700666609598574388296740420575429110112515790954727811903452862555439763388753798452538=583713121700666609598574388296740420575429110726055752287328132702200726096154375946480609083605
969044234424805953581422755159048328429688314848880+663166761548937832302367470338480030973369407112186014020641241375637593373384386496552907105811=663166761548937832302367470338480030973369408081230248445447194957060348532432714926241221954691
378769858824492932136576660795769648070578804823390+408020356222981644298698794434910347374441183874939987623629474856864514930401942135304616688132=408020356222981644298698794434910347374441184253709846448122406993441175726171590205883421511522
270720980534597371504330297129734103385012958528075+510246386813037896342099884047105079749914454143689113096920130529036574118734209207124869471896=510246386813037896342099884047105079749914454414410093631517502033366871248468312592137827999971
340902464399988928929945024659535714213010054928655+250544150060989429911975362836640045124379066269406360493016620228958290314905877846731433753860=250544150060989429911975362836640045124379066610308824893005549158903314974441592059741488682515
733545254932934778057505232551035639005162333778369+911336577550855925355728217294850999494177937410635757772629920459048744060986581853191335036604=911336577550855925355728217294850999494177938144181012705564698516553976612022220858353668814973
624077758833935354044955632456919493091813495069337+349733085956447973716385541848652432322483020622913827901125071887930917361207130079663538052482=349733085956447973716385541848652432322483021246991586735060425932886549818126623171477033121819
614035225085620817898992304700002933278170579029174+992853557885625817449246334922292571533779262114707834693710367299775635282372551548045476085505=992853557885625817449246334922292571533779262728743059779331185198767939982375484826216055114679
148286046766890473325848823544893297212495671298310+393649595204702335822355314632487916944912414438401652213161807596672418083926993331735251487098=393649595204702335822355314632487916944912414586687698980052280922521241628820290544230922785408
320683499884353690150994498794344747955681648706998+750421045006120856573741327483896859417715573935056581978508151173943695538251334050189685361137=750421045006120856573741327483896859417715574255740081862861841324938194332596082005871334068135
144408557620727428870311405366749177239979391093439+396614918710706407237082205835776102344481692462863695847557062300851463460040725402612538491714=396614918710706407237082205835776102344481692607272253468284491171162868826789902642591929585153
811287566006506486876463666360377835027631626626928+827586732124817192325507176591015303546816725425975935070613456441797220806164715215986862853662=827586732124817192325507176591015303546816726237263501077119943318260887166542550243618489480590
969934247415159644677587839575492159868463809498033+976837905142986897281174172396415298660593029186953621620685630199411821753926558538334258093911=976837905142986897281174172396415298660593030156887869035845274876999661329418718406798067591944
497953345252101936316176845443146389943504142235527+300093300246390604621528205299190710866737825343945896702563106942439665106064758375967238277153=300093300246390604621528205299190710866737825841899241954665043258616510549211148319471380512680
664854799438234405760699774049229871494798412053748+504517774101560969201274276515471474627352837778677544943965802074689593581105217324197997133767=504517774101560969201274276515471474627352838443532344382200207835389367630335088818996409187515
529786140375123623677992819033992479186331971900478+244675630012145404007879601324667000553093240053270501628712839724454154924805003277944050690075=244675630012145404007879601324667000553093240583056642003836463402446973958797482464276022590553
759855500521372713645794668985052528359186864504437+778512565365656079554676712457004753908409780180217008026809759034496713027625667744381658151435=778512565365656079554676712457004753908409780940072508548182472680291382012678196103568522655872
361296814565489810205420595406633646242068927787534+835093246745338524443239694322536090062108414898739439376817497375197018613814633938963850319662=835093246745338524443239694322536090062108415260036253942307307580617614020448280181032778107196
770466619104906253041933380905735692843712346219969+691138469039899687485522929148901488922930066385120756182951416026737218318406998622226838351345=691138469039899687485522929148901488922930067155587375287857669068670599224142691465939184571314
680016057637729981922886666350012167067888318647681+817834813661942921604337324042989195304065100994435301259262715349843073854420892578627515924271=817834813661942921604337324042989195304065101674451358896992697272729740204433059646515834571952
192440118180333862775012646179418868953173382767958+911121703487708872786608237680809525491353610226698421927153231575681807189800702119438865797503=911121703487708872786608237680809525491353610419138540107487094350694453369219571072612248565461
572593057823949702856825754167100312021045321079584+877804072205542296634652227653954208713108687282254084073729620679599200243305777054287400517935=877804072205542296634652227653954208713108687854847141897679323536424954410406089075332721597519
830772243263820982979009323066742628664745461380760+956848352238065196985023926262803533342869401635221353606120891106359668311994064342148980913294=956848352238065196985023926262803533342869402465993596869941874085368991378736693006894442294054
422605268619365844644796714964582697977424180768047+432995356058532718600984459381278750033975082944721890771363893314890012283585933224113719207152=432995356058532718600984459381278750033975083367327159390729737959686727248168631201537899975199
926545120199511142864437583748543161064174603133842+236804801760461327404515784921861215188910120300349457918115452891360538068124477002770205464809=236804801760461327404515784921861215188910121226894578117626595755798121816667638066944808598651
587603646633394258290967485148377333240735468825019+990885212690064262087824233493001751814041044304213081868236287855352269343989609657265659731671=990885212690064262087824233493001751814041044891816728501630546146319754492366942898001128556690
180888131928964314806796224135783815075836799159652+319074712463947612882593148368919777677406033236646151176848948942259675341003717357354054265266=319074712463947612882593148368919777677406033417534283105813263749055899476787532433190853424918
667552346469708779769200795280586317370917456560769+620183562221083171322131848435879964589587578741135705859056887749069321696567362496428911467458=620183562221083171322131848435879964589587579408688052328765667518270116977153679867346368028227
871215870843974726721571727597848543413669653852712+256738556794084562357510979218603420084789381122544164987361128009951835204803408420426682168129=256738556794084562357510979218603420084789381993760035831335854731523562802651951834096336020841
273669393155038145317176258013811397520941761928197+370874153792534379293211911136827682877587234170378569706821993141104701877874935608803535039437=370874153792534379293211911136827682877587234444047962861860138458280959891686333129745296967634
695275058427945029598518504861827526710648150400209+406146533247899974871856861315683988950521317269433765840470027318606512975594930017187935191685=406146533247899974871856861315683988950521317964708824268415056917125017837422456727836085591894
680005673537456064132207155047632409054120311924117+997656255315085061093955467793486094268294807796205023152826239381175733941028657405269904244235=997656255315085061093955467793486094268294808476210696690282303513382888988661066459390216168352
373179069765904925478892925946433622124094635451906+292115287131317528093261204492859283365604467235588508050782374650643651081970234530925662079631=292115287131317528093261204492859283365604467608767577816687300129536577028403856655020297531537
449286736182437800353522578050021935824150117136711+887114913231316886585819171282570163067789544177425997582659958041303956214537370650787471777194=887114913231316886585819171282570163067789544626712733765097758394826534264559306474937588913905
876251548085342469988961305138315862875713101975431+991193489471722556360232104587586945331175575247300124234706274862659307195062810279741641874804=991193489471722556360232104587586945331175576123551672320048744851620612333378673155454743850235
468238586973939566902222322353187152494570312359598+944167226307476795222567796821051878477355892710352950869701509692054108847314676053610481375798=944167226307476795222567796821051878477355893178591537843641076594276431200501828548180793735396
885392345120301599074048158227183474079375797230811+876537165655953395189376818772422583891583413912316587927014174054842281400247330450603858627754=876537165655953395189376818772422583891583414797708933047315773128890439627430804529979655858565
512937046762136982203084799184781669670259583467798+747545969345869371100655724843254229750841678913597869807223535903494402553177829623851818171541=747545969345869371100655724843254229750841679426534916569360518106579201737959499294111401639339
439284701228033357544178311847379408898033388159588+383011631153193655452641303361297097399455739056955005441306188212863232334111079557868540241954=383011631153193655452641303361297097399455739496239706669339545757041544181490488455901928401542
102270631113821875046900616362756430304883762790798+703368642494099216852267051232022130928198273336638129552983200161322907097924652861648687782072=703368642494099216852267051232022130928198273438908760666805075208223523460681083166532450572870
638589868864034833657108049888347471029839192040103+899360820005319209174749752568649231138860329800035818357248010514682708016053784677586513448520=899360820005319209174749752568649231138860330438625687221282844171790757904401255707425705488623
607019375935181967611207358105234618511125284410756+475301369083252366297995834487810938294220488464163199119196780297526140200178163320828652937488=475301369083252366297995834487810938294220489071182575054378747908733498305412781831953937348244
168233553887532240002986135666510260973497062808407+182732608325964792961738969302114912106532050781181784371610687021325527255116817025364471769674=182732608325964792961738969302114912106532050949415338259142927024311662921627077998861534578081
224945065192084456041068255160111862206728956973807+256008063723767835444361587210361009555231997648990676020131474433859966818534606322221604895348=256008063723767835444361587210361009555231997873935741212215930474928221978646468528950561869155
307779956177896679914356916655084469726369927651682+358432105907890619166164570096416500037588123606141000226383339902101985331647821748296021421973=358432105907890619166164570096416500037588123913920956404280019816458901986732291474665949073655
672401225934146027121388770251518599601129589155301+765906979826965611270854007688697074710388023298189165452762736243452217802929745246252217477432=765906979826965611270854007688697074710388023970590391386908763364840988054448344847381806632733
872481425466908457954389861192747299166411186533585+716328220749134031932020926473018008049679045340837956771685778153258406833660884163875078678089=716328220749134031932020926473018008049679046213319382238594236107648268026408183330286265211674
302133696159683657176783573854805207549888704557062+156298459266518080949575060891803963171382568605879021534962396705363259663846269826031349623347=156298459266518080949575060891803963171382568908012717694646053882146833518651477375920054180409
643935431252320652111439471314562945976747574803836+233207698535272508536211141086529671249370317883984375374227958409963984504207787877261077406153=233207698535272508536211141086529671249370318527919806626548610521403455818770733854008652209989
163029844409889005653100479719424099527128599675634+776642300531134036950199999524163563126360197051562779957088804590126895948578725303635231838151=776642300531134036950199999524163563126360197214592624366977810243227375668002824830763831513785
956353277916441312100684758976560376177477742984430+623499819769606720211114108043895203156987024878371237478774720427367898703110867125082342961762=623499819769606720211114108043895203156987025834724515395216032528052657679671243302560085946192
125510385384091206706581886112073065337464859137226+278990369072706125397881153796067509766529478841244223255190524426320445762373906278341993898622=278990369072706125397881153796067509766529478966754608639281731132902331874446971615806853035848
592592207071185047543055128093741596525904408834582+219953962735759981198829837134382347344749427924700500098237560454953190049203252351036645347795=219953962735759981198829837134382347344749428517292707169422607998008318142944848876941054182377
517112485827444760838002000577384462574733529493030+257577496173138262773100868980700745561608892441736530620145493692324472051253387086326749614711=257577496173138262773100868980700745561608892958849016447590254530326472628637849661060279107741
647829074206595540258913092810072437124270436638851+964419608168760973264593949523837747508338901796863351781393221812259329930418360808123478466986=964419608168760973264593949523837747508338902444692425987988762071172422740490797932393915105837
890082802661732255412645250339106782305419079728099+314843258675892822944758226458487213407711792444840505226810139301230285549451313837879287332352=314843258675892822944758226458487213407711793334923307888542394713875535888558096143298367060451
657470455991241133955837908061722843783451370617814+306261374206904202864628614909731301782936306807757195115108527447651805286861002535430399075764=306261374206904202864628614909731301782936307465227651106349661403489713348583846318881769693578
903826359699471482853602010535099221779740496632511+799475162138223842799398742942999193638689855396606688437226940722016992210578126425854303942761=799475162138223842799398742942999193638689856300433048136698423575619002745677348205594800575272
369323494997127598985589078017215581824412819536742+779568299612453920137680179217329116369138504056416923671438514127524783498297872084169059048059=779568299612453920137680179217329116369138504425740418668566113113113861515513453908581878584801
956991245669700489410160948122368088460812571381980+820246054485197937516553226112056748795843642026918289175311275868176770957844862745250274317836=820246054485197937516553226112056748795843642983909534845011765278337719080212951206062845699816
